2686 4816
474 392 627 464 IIBER
655 391 843 461 XXXIII
1174 388 1194 459 :3

147 521 236 613 visque
251 522 349 590 rebus
366 536 511 592 mutasse
533 524 662 592 tradit:
692 548 883 619 quanquam
907 525 1032 617 etipse
1055 527 1200 593 mirator

146 615 219 694 auri⁴
219 630 470 708 ‚mumationes
483 655 597 699 rerum
609 632 654 698 ita
667 631 760 715 lecit,
780 644 817 698 ut
834 643 968 698 centum
986 630 1088 699 boum
1101 654 1194 700 arma

145 721 239 803 aaru⁵
257 751 465 830 permutasse
484 736 650 806 Glaucum
673 737 888 807 diceretcutn
904 736 1079 805 Diomedis
1097 740 1197 805 armis

145 862 240 911 notem
261 843 375 912 boum.
401 846 453 912 Ex
479 868 545 937 qua
563 845 805 914 consuetudine
827 842 932 912 multa
955 828 1085 938 legum⁶
1111 848 1197 913 anti

143 971 258 1037 quarum
279 973 401 1043 pecore
420 964 568 1030 constat,
585 954 684 1018 etiam
707 954 834 1020 Romae.

180 1056 231 1122 IV.
252 1056 436 1125 Pessimum
459 1058 534 1126 vitae
549 1056 657 1126 scelus
674 1057 770 1142 secit,
788 1058 844 1151 qui
865 1056 897 1124 id
919 1056 1064 1151 primun¹
1088 1056 1195 1125 induit
1219 1085 1228 1118 t

139 1159 237 1254 digitis.
254 1165 326 1232 Nec
340 1162 406 1232 boc
420 1164 494 1257 quis
514 1163 629 1233 lecerit
647 1164 799 1233 traditur.
815 1161 922 1232 Nam'*
941 1163 983 1231 de
996 1162 1198 1231 Prometheo
1279 1247 1282 1251 .

136 1270 231 1336 onnia
250 1267 403 1339 fabulosa
424 1269 589 1354 arbitror,
612 1295 803 1365 quanquam
825 1269 870 1338 illi
895 1292 1029 1363 quoque
1052 1270 1196 1338 ferreum

133 1373 255 1442 anulum
276 1374 369 1444 dedit
381 1378 585 1470 antiquitas
600 1376 838 1508 vinculumque
853 1376 905 1460 id,
918 1401 985 1444 non
1004 1390 1193 1470 gestamen,

133 1480 257 1576 intelligi
276 1481 393 1552 voluit
413 1483 516 1553 Midae
539 1469 695 1578 quidem³
717 1483 874 1567 anulum,
900 1507 967 1576 quo
994 1485 1198 1552 circumacto

130 1715 149 1746 ιι
169 1698 284 1760 βόεσσιν,
295 1685 418 1751 atam
438 1694 634 1770 ἀνδραπόδεσσι·
682 1713 822 1770 postquam
831 1697 1199 1769 aeresignatouticivitatcoe

130 1778 213 1828 tiltres
231 1773 262 1830 di
283 1773 363 1829 dairas
383 1783 492 1831 θιλιῖαν.
515 1778 547 1831 Η.
683 1780 738 1848 pit,
755 1798 906 1851 pecoraque
929 1778 1070 1830 multatitia
1096 1777 1198 1829 incuria

166 1863 190 1918 4.
206 1859 355 1929 Quanquam
370 1870 395 1909 et
409 1862 459 1928 ι’ριι
479 1864 578 1912 miratus
590 1881 636 1912 cu·
681 1860 934 1929 corrumpebantur,
957 1856 1029 1910 uude
1049 1858 1128 1910 etiam
1151 1877 1198 1928 pc-

128 1954 172 1986 ιιιι
193 1929 257 2002 (sic
276 1938 351 2008 prius
364 1936 385 2002 l.
406 1940 593 2011 «Quanquam
610 1953 637 1993 et
682 1940 784 1992 culatus
807 1938 908 1993 crimen
936 1937 1060 2008 usurpari
1081 1950 1198 2007 ooeptunt

127 2014 178 2084 ipse
206 2017 321 2071 mirator
343 2017 447 2083 auri,·
476 2020 505 2071 in
533 2033 636 2073 vetusto
682 2031 739 2071 est:
760 2020 828 2071 Iacto
851 2033 888 2070 est
906 2017 1045 2071 aetimatio
1064 2016 1196 2088 pecoralis

127 2096 276 2168 exemplari.
297 2098 376 2150 Pmr.
391 2131 430 2140 -
453 2101 488 2151 Et
502 2105 551 2170 r'pse
564 2104 638 2153 mira·
682 2098 791 2163 multae,
811 2111 836 2151 et
855 2098 936 2152 boves
950 2096 1069 2150 centenis
1081 2097 1196 2159 assibus,

127 2188 162 2224 ror
178 2179 242 2228 cari.
259 2177 298 2228 Ita
315 2178 381 2249 Reg.
400 2198 430 2236 s,
446 2179 544 2250 aliique
561 2181 636 2234 MSS.
682 2197 745 2232 oves
754 2177 831 2231 denis
842 2178 982 2232 resumatur.
994 2174 1062 2228 Inde
1076 2195 1200 2248 suprema

127 2260 291 2310 noumiratur
309 2276 410 2322 aarum,
430 2272 460 2311 nt
475 2257 549 2312 editi.
567 2261 636 2314 Plio.
684 2257 822 2325 multa‚id
840 2255 1199 2327 est,otasima‚appellatur
1277 2327 1278 2331 Ἰ

126 2332 157 2388 de
167 2335 283 2401 Seneca,
295 2336 342 2390 lib.
354 2339 405 2403 IV,
415 2357 474 2409 cap.
496 2340 529 2403 5,
549 2367 560 2388 ι
575 2341 637 2394 Non
684 2340 733 2391 tria
747 2337 830 2390 millia
842 2337 909 2390 uris.
922 2363 933 2383 ι
949 2334 998 2387 His
1010 2333 1080 2388 adde
1091 2353 1121 2386 ea
1138 2353 1198 2405 quae

127 2415 216 2487 utique
231 2417 359 2470 miratore
373 2417 501 2472 inanium.
517 2447 527 2467 ι
542 2421 577 2472 Et
592 2423 638 2473 Se·
683 2416 800 2471 diximus
810 2418 859 2470 lib.
877 2415 971 2469 XVIII
981 2455 989 2477 ,
999 2433 1057 2485 cap.
1072 2412 1098 2466 3.
1112 2413 1147 2465 ll.

126 2513 187 2548 uecs
210 2497 287 2567 epist.
311 2495 440 2567 ιιιιιάιιιιι,
465 2503 568 2552 mirator
585 2504 640 2552 nuri
723 2498 775 2550 tv.
790 2516 814 2550 1.
831 2496 1030 2567 (Intidprimut.
1044 2495 1149 2548 Aurum
1163 2493 1200 2544 vi.-

125 2572 200 2629 dixit.
211 2574 304 2630 Ηιιιιι.
684 2575 796 2641 delicet,
815 2577 885 2629 Iacto
906 2594 938 2629 ex
953 2594 985 2629 eo
1001 2574 1091 2628 anulo.
1108 2572 1199 2627 thn.

137 2672 143 2682 '
166 2656 191 2708 5.
215 2656 249 2710 Ut
271 2669 363 2709 centum
380 2658 450 2710 boum
467 2679 536 2711 arma
555 2680 637 2713 aurem
684 2657 868 2709 —Pesrimum
894 2662 950 2708 nitra
969 2655 1046 2708 scelus
1055 2654 1133 2724 serit,
1159 2656 1200 2726 qui

123 2735 225 2788 Βοιιιιι
250 2735 360 2809 quidam
387 2738 500 2792 Athenis
526 2759 638 2793 numum
685 2738 812 2807 niprimus
827 2738 906 2790 induit
917 2738 1011 2805 digitis.
1027 2734 1071 2789 Sic
1084 2736 1150 2805 aeg.
1168 2754 1199 2796 ι,

123 2815 203 2868 fuisse
219 2817 440 2887 interpretantur,
455 2819 571 2890 imagine
592 2822 639 2872 bo·
685 2817 792 2888 aliique.
802 2812 1201 2887 Interpolatoresiulibrisrul-

124 2895 321 2966 vissignatum,
328 2897 640 2968 quemetdidracltmum
685 2898 752 2968 gatis
772 2897 810 2951 sic
834 2895 960 2957 edidere,
992 2893 1063 2967 ·qui
1087 2895 1199 2946 anulum

123 2976 267 3028 vocabant.
281 2977 408 3030 Dar.-
424 2978 640 3032 Utcentumboum
685 2978 816 3048 primus·
806 2976 918 3030 -Satis
911 2988 1015 3029 incaute
1030 2972 1058 3027 id
1069 2962 1200 3045 quidem:

123 3074 193 3105 cerna
215 3075 290 3109 aurea
305 3070 409 3126 permut.
431 3057 565 3112 Glaucum.
587 3072 637 3112 etc.
686 3056 756 3110 vel
737 3075 774 3109 uc
785 3057 897 3127 abrupta
906 3055 1128 3109 oratioutsserte
1139 3071 1201 3106 natu

123 3133 203 3187 Iliad.
214 3137 245 3201 Z,
256 3155 323 3190 vers.
336 3138 412 3200 234:
406 3126 479 3192 Ἰἑιθ
494 3134 641 3192 uirilitati-
686 3155 734 3191 cur
747 3138 781 3189 ab
793 3156 876 3202 auro
890 3136 923 3188 de
936 3154 991 3206 quo
1002 3135 1130 3205 agebatur
1139 3151 1202 3204 pro

123 3175 292 3285 spltpssirlac
308 3218 503 3287 φρίιιςᾶξιλιτο
520 3221 578 3280 Ζεὺς
585 3226 640 3282 ,ος
689 3218 775 3280 xime,
789 3214 823 3268 ad
836 3215 1041 3269 anulumoratto
1056 3213 1200 3274 transiliat

123 3297 184 3366 arpi<
201 3293 325 3352 Tutatio
338 3294 547 3368 Διιμιὶθιατιῡχι
552 3300 641 3370 ¹·dpst
686 3317 742 3349 ιιοιι
755 3309 889 3369 apparet:
902 3295 951 3348 nisi
964 3290 1200 3365 materiaipsade·

122 3373 170 3438 Gr,
196 3379 298 3446 Xpbers
322 3381 460 3445 χιλιιίων,
490 3376 642 3449 tristatos
687 3378 826 3448 signetur:
850 3377 949 3429 boc
922 3388 976 3439 est,
992 3391 1105 3437 aurum,
1126 3372 1202 3443 cujus

124 3453 280 3509 ὶινιιίιίων.
294 3455 388 3509 lirun.
687 3457 825 3511 admonitu
836 3469 861 3509 et
873 3455 1015 3510 anulorum
1025 3471 1134 3524 quoque
1146 3463 1202 3505 tota

169 3538 196 3588 6.
214 3536 298 3588 Multa
322 3537 402 3605 legum
424 3540 579 3608 αιιίιιιιιιιιιι
595 3558 642 3610 pe·
688 3535 1060 3607 ratiopcrtractatur.llsao.

124 3636 182 3667 core
192 3628 297 3678 constat,
312 3638 334 3669 e.
347 3617 439 3669 Rome.
451 3617 552 3681 Festus,
560 3619 642 3671 verbo
731 3636 758 3669 ι.
769 3617 835 3669 Num
844 3617 874 3669 de
884 3616 1034 3667 Prometheo.
1042 3613 1131 3678 Quem
1139 3611 1206 3665 Cno-

127 3697 170 3747 0⁹
171 3695 265 3747 iheu.-
281 3696 387 3749 onibus
407 3695 510 3749 duabus
515 3699 643 3768 ,inquit.
689 3717 749 3751 caso
784 3697 918 3768 alligatum
948 3694 1043 3747 labala
1077 3688 1206 3763 prodide-

126 3775 310 3830 multalssntur
325 3774 398 3847 apud
411 3777 574 3848 antiqnosm
591 3777 642 3829 mi·
688 3791 779 3832 runt:
802 3777 896 3829 iterum
920 3775 977 3827 haec
1000 3772 1112 3853 repetita
1137 3771 1206 3823 inle-

125 3855 241 3909 northus
256 3856 456 3909 criminibus
450 3877 476 3910 ιιι
498 3858 644 3929 sonjoribu.
688 3858 758 3922 rius,
765 3857 813 3910 lib
830 3855 981 3916 XXXVII,
994 3872 1053 3924 esp.
1073 3872 1097 3906 ι
1101 3848 1202 3904 litan-

99 3957 101 3960 ·
128 3947 233 4001 autem,
245 3937 349 3989 bubus:
367 3949 502 3990 neccxtrn
518 3938 645 3992 bunc-nu
731 3938 756 3988 3.
771 3937 849 3988 Micio
828 3935 961 4008 oquimdst
979 3928 1206 4004 Gygaecuteriid

127 4033 234 4068 merum
251 4015 394 4070 excedebat
411 4017 555 4071 multatio:
570 4036 643 4088 qnae,
688 4016 860 4079 adscribunt,
888 4034 941 4068 non
972 4012 1064 4068 Midas
1087 4011 1206 4070 Tullius.
