2686 4816
412 373 565 439 bruun
596 373 787 439 xxxiii.
1098 377 1138 449 15

91 509 216 579 libertino
235 521 329 602 patre
348 507 495 599 genitus,
516 518 549 571 et
568 505 637 598 ipse
661 506 757 598 Appii
776 492 877 575 Caeci⁵
897 507 1022 594 scriba,
1043 514 1138 606 cujus

90 615 197 684 hortatu
219 627 397 706 exceperat
423 635 480 680 eos
506 609 591 686 dies,
624 610 845 680 consultando
871 613 1001 682 assidue
1028 623 1137 712 sagaci

89 724 210 817 ingenio,
229 707 608 815 promulgaveratque),
642 732 679 786 ut
700 717 802 787 aedilis
823 719 947 789 curulis
969 739 1139 794 crearetur

87 852 143 897 run
162 830 201 918 Q.
225 828 343 896 Anicio
369 825 587 907 Praenestino,
608 826 665 918 qui
689 826 804 919 paucis
823 842 900 895 ante
921 831 1016 898 annis
1033 829 1140 902 bostis

88 921 207 1019 luisset⁶,
222 932 397 1029 praeteritis
418 936 455 999 (Σ.
474 930 611 1023 Poetelio
628 945 662 999 et
676 933 847 1011 Domitio,
865 957 1007 1026 quorum
1028 951 1139 1029 patres

85 1040 229 1111 consules⁷
249 1040 391 1108 luerunt.
402 1037 558 1106 Additum
580 1023 726 1121 Flavio⁸,
746 1053 783 1107 ut
802 1039 899 1106 simul
922 1054 956 1123 et
980 1041 1133 1114 tribunus
1156 1085 1169 1117 2

84 1147 166 1240 plebis
179 1161 275 1217 esset.
291 1146 371 1234 Quo
391 1144 480 1213 lacto
498 1158 590 1212 tanta
609 1158 742 1212 senatus
760 1145 987 1240 indignatione.
1005 1151 1137 1237 exarsit,

82 1268 109 1322 ut
121 1254 231 1324 anulos
248 1253 291 1321 ab
302 1277 344 1320 eo
363 1248 530 1343 abjectos⁹
543 1250 642 1319 luisse
655 1252 688 1317 in
702 1252 936 1346 antiquissimis
951 1258 1137 1348 reperiatur

80 1361 240 1431 annalibus.
265 1357 362 1427 Fallit
383 1356 578 1451 plerosque,
606 1357 697 1450 quod
720 1372 791 1425 tum
815 1373 848 1426 et
871 1376 1058 1453 equestrem
1079 1389 1136 1433 or·

77 1468 166 1538 «laem
175 1467 207 1537 id
216 1467 334 1536 fecisse
344 1464 697 1532 arbitrantur.Etenim
706 1463 872 1556 adjectum
885 1465 1090 1562 hocquoque
1099 1468 1135 1553 ¹⁰,

78 1576 147 1646 «sed
160 1589 194 1645 et
212 1571 350 1670 phalera
366 1573 491 1667 posita,
507 1602 523 1635 n
550 1569 824 1665 proptereaque¹¹
846 1598 968 1642 nomen
984 1578 1133 1670 equiturn

71 1684 221 1775 adjectum
250 1695 310 1750 est.
337 1676 462 1745 Anulus
486 1702 620 1771 quoque
644 1676 814 1771 depositos
840 1703 858 1744 a
884 1678 1071 1764 nobilitate,
1099 1685 1132 1752 in

69 1790 200 1859 lanales
210 1787 351 1857 relatum
372 1799 441 1869 est,
458 1807 526 1851 non
544 1807 564 1851 a
583 1799 698 1852 senatu
710 1782 732 1807 '²
753 1786 918 1854 universo.
934 1790 1008 1856 lloc
1020 1804 1132 1858 actum
1152 1807 1167 1858 s

65 1933 130 1985 tebet
140 1929 191 1983 tria
204 1928 284 1980 verbe
299 1925 366 1985 lari,
380 1925 429 1988 do,
441 1923 512 1980 dico.
528 1923 573 1975 od-
614 1927 674 1992 jure
690 1921 762 1975 cirili
778 1922 913 1977 Plariano.
930 1929 965 1979 Ar
985 1942 1133 1983 mnarum„

62 2011 117 2064 dies.
133 2008 254 2069 Ueseui,
276 2006 375 2077 quibus
397 2023 452 2056 non
477 2003 573 2056 licebat
616 2002 705 2072 dicere
721 2021 777 2054 non
789 2001 891 2056 debuit.
909 2004 1002 2060 Haeo.

57 2091 111 2147 fari.
123 2090 265 2144 Fastorum
282 2085 345 2138 libri
362 2095 455 2146 erant,
469 2084 496 2135 in
513 2084 570 2154 qui·
657 2103 684 2151 9.
702 2083 736 2135 Ut
755 2083 842 2134 anulos
863 2085 894 2134 ob
917 2105 945 2136 eo
966 2087 1079 2156 objectos.
1098 2091 1131 2143 In

60 2173 103 2224 bns
114 2186 201 2226 esus·
213 2165 387 2220 festivitatum
403 2163 572 2233 explicabun‘-
615 2163 724 2233 publico
746 2165 820 2215 luctu
841 2165 915 2216 anuli
935 2169 1106 2235 ponebantur
1121 2190 1128 2224 :

58 2266 106 2305 tar.
126 2248 275 2320 Proposuit
289 2247 371 2298 festos
388 2244 414 2295 io
432 2243 494 2296 albo
511 2244 571 2296 Fla·
615 2242 647 2295 ad
670 2245 795 2296 nuntium
809 2241 937 2296 Caudinae
957 2247 1029 2316 pacis
1046 2251 1132 2302 assuto,

57 2333 111 2386 rius
133 2329 240 2390 scriba,
262 2339 292 2379 ut
314 2322 424 2396 quaudo
451 2324 506 2393 lege
528 2325 570 2394 agi
614 2324 1130 2391 oonospon'rosner-rstLivius,l,1x‚

56 2424 154 2483 posset.
168 2409 293 2463 sciretur.
305 2406 395 2459 llsan.
614 2403 654 2454 De
686 2404 779 2454 iuuere
814 2403 929 2471 Augusti
968 2406 1129 2474 Suetonius,

92 2493 118 2547 5.
136 2492 215 2561 Appii
240 2488 317 2540 Caci.
345 2485 408 2555 Ejus
430 2485 477 2555 qui
497 2485 568 2535 riom
614 2499 762 2552 consuo:
793 2483 1072 2555 -Aliiexsequisrum
1084 2486 1129 2543 die

54 2591 100 2626 mo
111 2570 224 2626 nomine
241 2564 373 2627 munivit,
387 2577 413 2618 et
431 2581 527 2634 aquom
540 2563 568 2616 iu
613 2559 752 2632 ponendos
771 2580 865 2615 aureos
887 2563 996 2629 anulos,
1015 2567 1129 2623 serrem.

54 2653 155 2706 Urbesn
175 2649 256 2703 duxit
278 2665 285 2700 τ
305 2662 416 2699 censura
436 2643 568 2712 inclytus,
612 2661 665 2712 que
681 2640 824 2695 sumendos
835 2657 1021 2699 censuerunt.»
1038 2648 1128 2704 llsnn.

53 2729 291 2805 etjurisdoetrins.
303 2725 404 2788 Livius,
416 2722 567 2777 lib.1x.11.
657 2741 700 2775 ro.
719 2723 814 2774 Etenim
835 2724 953 2792 aeffectum
965 2725 1009 2776 lior
1026 2746 1128 2799 quoqu„

91 2816 120 2865 n.
136 2811 225 2864 Hostis
236 2802 567 2877 suisset.Eobello,opi·
612 2800 754 2872 Adjertum
777 2802 901 2873 quidem,
929 2805 1033 2875 inquit,
1052 2812 1127 2879 equi.

49 2912 111 2957 nor,
138 2909 195 2962 quo
222 2888 396 2941 Etruseorum
425 2881 567 2937 duodecim
613 2894 669 2934 tuin
688 2900 785 2935 nomeu
808 2883 909 2952 pariter
928 2903 990 2938 cum
1012 2903 1125 2943 senatu:

50 2972 144 3042 poprsli
163 2971 192 3023 iu
207 2967 345 3023 excidium
359 2965 463 3017 romani
480 2964 568 3018 nomi·
612 2962 657 3015 sed
672 2974 784 3033 propter
796 2963 850 3016 brec
862 2964 942 3017 verbs
957 2964 1126 3036 idadJ'eetum

50 3054 92 3106 uis
113 3051 230 3110 incitati,
255 3066 326 3100 enno
344 3045 427 3097 Urbis
451 3042 568 3096 conditae
611 3041 1019 3113 est,quaeinAnnslibussimul
1034 3046 1126 3118 legun.

52 3140 122 3197 662,
135 3152 150 3186 e
162 3129 272 3185 consule
293 3125 392 3186 Fabio,
412 3142 482 3176 anno
500 3130 568 3189 444,
611 3137 667 3186 tur,
680 3123 725 3174 sod
743 3134 768 3172 et
781 3122 887 3191 plaiano
904 3129 987 3194 posita
1002 3145 1012 3178 .·
1027 3130 1127 3196 quibu,

47 3213 152 3285 ingenti
167 3209 261 3282 prelio
271 3206 369 3260 devicti
383 3202 567 3268 sunt.Lirius,
610 3202 700 3255 verbis
712 3202 817 3273 insigne
831 3204 951 3274 equitum
962 3218 988 3257 et
1003 3206 1071 3260 ordo
1084 3209 1127 3263 in.

48 3294 97 3349 lib.
107 3293 158 3347 lx.
172 3291 265 3345 Earn.
610 3281 1127 3353 telligitur.SecutusplnneeusAnnales

89 3393 118 3443 7.
133 3374 242 3442 Quorum
249 3381 333 3439 parm
341 3367 457 3418 eonsules.
467 3365 498 3417 C.
512 3363 566 3416 Pus·
610 3360 819 3415 Liviusvidetur
830 3384 834 3413 ι
845 3362 883 3416 sic
893 3365 964 3417 euim
978 3365 1022 3418 ille
1031 3369 1059 3419 iu
1071 3369 1126 3422 line

47 3455 131 3506 telins
142 3452 251 3507 Liboin
263 3443 567 3512 rasuseomultegnm,
610 3442 672 3495 libri
684 3444 742 3496 lx:
771 3442 970 3515 «Tantumque
984 3445 1068 3498 Flavii
1081 3466 1126 3500 00.

47 3531 279 3601 enmLPapirio
295 3529 470 3589 Cursore,s.
484 3522 567 3576 Urbis
610 3523 682 3599 mitis
710 3521 876 3592 indignitatis
903 3524 1068 3591 babuerunt,
1096 3543 1126 3583 ut

47 3601 332 3680 4283Cn.1)omitiiss
346 3605 564 3666 Calvinus‚cum
610 3603 731 3674 plerique
757 3603 893 3656 nubilium
919 3604 1013 3657 anulos
1033 3624 1127 3662 eureos

45 3696 132 3750 com.
145 3692 231 3747 Cosso
242 3687 353 3750 Arvina,
364 3703 437 3739 enno
452 3683 519 3746 432.
532 3682 565 3736 ll.
610 3696 635 3736 et
648 3683 769 3754 phaleras
778 3680 972 3753 deponerent·
982 3684 1072 3739 llsnn.

88 3778 116 3828 8.
131 3773 253 3838 Additum
270 3769 368 3821 Flavio.
389 3788 400 3807 ·
414 3764 453 3816 Ut
472 3777 499 3817 et
520 3764 568 3816 tri·
652 3781 696 3816 rr.
719 3763 905 3835 Proptereoqne.
931 3764 975 3816 Sic
999 3766 1076 3821 colb.
1099 3769 1126 3832 3,

45 3859 136 3911 huns
146 3853 248 3927 plebis,
262 3862 289 3903 et
301 3857 426 3906 senator.
443 3856 470 3897 et
481 3841 565 3896 edilis
609 3855 681 3896 recte
692 3861 700 3896 ι
713 3843 787 3915 prius
801 3841 928 3895 mendose
937 3881 945 3906 ,
954 3858 1126 3920 propser-quo,

46 3936 148 3991 mli·
155 3945 244 3989 esset·
259 3928 346 3998 inquit
363 3923 564 3995 Pomponianis
610 3923 703 3975 lirun.

45 4017 109 4089 w.
122 4015 198 4082 Μὴ.
218 4032 231 4067 ,
249 4006 372 4078 &0135
383 4007 440 4078 im·
455 3999 470 4065 ς
484 4021 512 4073 7³
530 4000 565 4057 (10
653 4021 695 4055 η,
710 4003 769 4070 Non
787 4022 803 4052 s
828 4016 920 4056 senatu.
942 4000 975 4058 Et
998 4007 1035 4060 ita
1063 4027 1126 4062 sene
