2686 4816
478 383 631 453 LIBER
655 385 839 453 XXXIII.
1148 376 1193 465 ’35

138 522 224 589 etiarn
236 521 482 613 Harpocratem
492 513 528 604 ¹⁷,
551 529 740 613 statuasque
755 519 985 615 AEgyptiorum
1003 527 1192 616 numinum,

135 626 280 721 indigitis
290 626 353 694 viri
370 646 502 718 quoque
514 637 648 718 portare
666 626 838 720 incipiunt.
858 628 977 697 Fuitet
990 628 1053 699 alia
1062 630 1191 705 Claudii
1211 662 1227 713 3

133 734 313 828 principatu
337 730 525 799 differentia
547 729 678 800 insulis
700 731 768 818 his,
790 732 909 826 quibus
931 729 1192 809 admissionem¹⁸

131 838 231 909 liberti
241 837 266 878 '⁹
282 839 353 932 ejus
373 836 559 923 dedissent,
581 837 758 933 imaginem
789 840 947 934 principis
978 866 1019 910 ex
1046 868 1129 913 auro
1159 849 1193 915 in

129 944 223 1015 tuulo
238 943 393 1041 gerendi,
413 965 535 1037 magun
554 941 763 1012 criminum²⁰
784 947 957 1015 occasione
970 973 978 1016 ε
993 973 1067 1042 quae
1079 955 1193 1022 omnia

126 1160 213 1222 blica,
224 1158 360 1229 privatum
371 1153 451 1208 istud
466 1153 577 1224 Elegone
588 1173 636 1207 eu·
678 1157 799 1225 jusseret.
816 1182 827 1203 ι
850 1157 952 1210 Plinius
968 1159 1033 1213 itern
1050 1160 1149 1215 Junior
1166 1164 1195 1217 in

126 1254 172 1292 tem
190 1256 343 1310 puerorum
359 1238 460 1301 forma,
477 1233 563 1304 inquit
582 1234 636 1286 Pli-
681 1235 811 1305 Panegyr.
826 1237 951 1306 Trujnni,
965 1257 1042 1292 num.
1061 1247 1097 1311 47
1114 1263 1120 1292 :
1138 1245 1195 1297 «An

126 1321 197 1381 nine,
207 1319 326 1370 balineas
338 1314 495 1381 decoret,et
506 1313 634 1366 honestat.
679 1315 821 1386 qnisquam
837 1315 924 1368 studio
942 1318 1116 1374 humanitatis
1130 1341 1193 1393 pro·

127 1397 384 1453 arumnicum
399 1394 501 1448 dictum
516 1411 566 1463 per
579 1411 635 1446 me·
679 1394 777 1457 sessus,
789 1413 844 1446 non
858 1414 944 1464 quum
956 1399 1044 1450 omnia
1060 1412 1122 1465 tuo,
1133 1414 1192 1455 tum

126 1478 262 1552 tepborem
277 1476 449 1538 erbitrenrur,
463 1491 514 1545 pro
530 1484 636 1524 ostenta·
678 1474 721 1525 vel
735 1473 765 1525 in
778 1474 873 1543 primis
882 1474 1005 1528 laudibus
1016 1478 1083 1531 serm
1094 1479 1192 1534 admis-

127 1580 163 1622 ης
182 1572 216 1612 nt
238 1568 375 1608 conuertere
401 1556 530 1605 exereitum
555 1550 635 1605 lutine
679 1552 783 1605 sionum
795 1566 899 1606 tuorum
908 1555 1098 1608 tantitatem?-
1109 1560 1192 1614 Nem.

127 1634 337 1708 dicimus,quod
355 1633 464 1687 Barbari
473 1633 559 1699 facere
572 1650 636 1683 mon
677 1650 713 1703 pe
723 1633 754 1683 ab
770 1633 961 1700 admissionibus,
973 1634 1014 1688 vel
1031 1638 1191 1692 admissione.

128 1732 193 1771 suan
214 1718 299 1770 eiunt.
307 1715 359 1766 Vel
377 1725 511 1765 convertere
528 1710 635 1763 balineas
678 1711 728 1775 ier,
744 1724 774 1764 ut
791 1713 871 1764 babet
883 1714 1055 1784 Lampridius
1068 1718 1096 1770 in
1108 1718 1190 1772 Alex-

129 1811 159 1852 ett
172 1814 265 1852 eorum
286 1796 400 1865 speeiem
420 1793 459 1846 sic
474 1793 633 1849 immutere,
678 1791 762 1844 endro
779 1792 1063 1855 Severo‚dicebuntur
1073 1797 1108 1862 ii,
1122 1800 1191 1852 servi

131 1880 208 1931 utrix
227 1875 341 1929 balineo
361 1891 415 1927 esse
435 1870 587 1934 credantur,
604 1888 635 1924 oc
677 1871 874 1942 libertive„qni
890 1871 1104 1929 edselutundurn
1114 1879 1190 1949 prin·

131 1975 176 2011 non
206 1953 362 2028 principum
395 1953 514 2006 virorum
546 1949 635 2020 potius
676 1952 764 2022 cipem
781 1966 813 2002 ex
830 1952 921 2005 officio
937 1971 983 2006 eos
996 1953 1189 2026 admittebant,

132 2036 216 2090 domus
237 2054 267 2088 ec
286 2033 436 2087 comitatus.
455 2034 493 2085 De
510 2029 634 2102 podago·
676 2032 776 2102 quibus
789 2049 821 2082 eo
838 2045 972 2085 convento
985 2052 1054 2104 opus
1063 2050 1127 2090 eret.
1142 2038 1191 2092 His

133 2117 190 2186 gieni
213 2114 290 2187 pueri
312 2114 387 2166 cultu
409 2113 562 2165 Ammianus
584 2110 633 2164 lib.
675 2112 725 2182 qui
739 2114 1186 2182 preerat,nugisterudnissionnn,

135 2197 230 2261 XXVI,
248 2213 278 2266 p.
298 2194 373 2246 bso:
391 2196 436 2245 «Δ
450 2192 524 2244 calce
538 2187 571 2240 od
584 2208 633 2259 pu·
674 2192 817 2243 Ammiano
833 2204 913 2255 teste,
929 2190 1031 2259 dictus,
1045 2196 1093 2265 qui
1103 2196 1189 2250 bono·

135 2274 182 2327 bem
194 2277 220 2328 in
232 2272 412 2347 pedagogisni
427 2272 505 2341 pueri
518 2269 632 2340 speciem
674 2269 826 2323 retiorernd
833 2272 983 2341 principem
992 2273 1188 2330 introducebat.

135 2355 262 2427 purpureis
279 2365 389 2423 opertus
406 2350 568 2422 tegminibus
584 2367 632 2418 pe·
674 2348 707 2401 ld
725 2351 875 2402 Palatinum
895 2350 1015 2404 officium
1031 2352 1139 2407 Claudii
1156 2374 1188 2427 ac

136 2432 212 2487 dun.-
226 2435 326 2486 Pueros
337 2430 470 2484 credimus
484 2442 632 2498 unguenta·
674 2429 789 2481 Neronis
807 2430 982 2499 temporibus,
1004 2444 1033 2483 ut
1054 2451 1087 2485 ex
1109 2433 1188 2489 dictis

135 2514 188 2578 rios,
199 2515 245 2585 qui
259 2515 288 2566 in
300 2511 402 2565 balneis
415 2522 504 2573 erent,
518 2527 533 2560 n
545 2507 632 2560 Plinio
675 2507 771 2579 liquet,
787 2508 940 2562 institutum
952 2522 999 2563 est.
1013 2511 1094 2566 Recte
1108 2514 1188 2567 Sene-

135 2611 192 2648 nuuc
202 2593 342 2665 designari.
354 2591 446 2656 Qualis
454 2586 500 2643 ille
511 2586 544 2641 ed
552 2604 631 2658 quern
675 2607 720 2653 cu,
731 2587 765 2640 de
775 2588 862 2642 clem,
874 2588 922 2643 lib.
936 2591 966 2656 1,
977 2607 1035 2660 cop,
1055 2610 1099 2659 ιο,
1115 2619 1127 2640 ι
1139 2613 1186 2648 co.

135 2672 258 2737 Horatius,
283 2674 330 2725 lib.
346 2672 405 2737 111,
428 2669 631 2733 Od.rd,·1,
674 2667 779 2721 hortem
813 2668 947 2722 interioris
979 2669 1148 2726 admissionis
1168 2700 1180 2722 .

134 2767 179 2821 pete
189 2765 369 2826 unguentum,
384 2769 463 2821 puer.
480 2775 492 2798 s
509 2749 599 2801 Hrno.
675 2746 766 2800 dixit:
788 2766 850 2799 nom
866 2747 1064 2802 adminionsles
1081 2753 1127 2804 olii
1143 2754 1186 2806 in·

162 2853 204 2905 17.
227 2829 496 2904 Harpocratem.Vide
521 2826 631 2883 saidam
673 2840 713 2880 tre
735 2827 865 2898 principis
886 2829 1058 2891 cubiculum,
1079 2830 1125 2884 alii
1148 2831 1184 2886 nd

132 2909 277 2968 indictione
290 2913 416 2982 ἡραΐσκος.
434 2911 557 2963 Politian.
578 2909 630 2960 ldi-
672 2907 744 2961 fores
756 2908 839 2960 suere.
854 2908 889 2960 H.
901 2938 941 2950 ·-
955 2908 985 2959 In
998 2910 1055 2960 solis
1069 2911 1118 2968 its,
1133 2925 1185 2965 etc.

131 2994 189 3046 toell.
208 3012 270 3064 cop.
291 3009 406 3044 nxxxrrr.
425 2992 494 3042 Drr..
508 3020 548 3030 --
559 2988 629 3038 Har-
673 2988 747 3040 Brot.
759 3006 791 3040 ex
806 2985 849 3039 ed.
864 3005 906 3056 pr.
915 2989 1017 3039 insolens
1031 2989 1076 3040 in’s.
1089 2991 1143 3044 En.

126 3087 246 3139 porratam.
261 3070 364 3126 Silentii
378 3067 478 3131 deum,
499 3070 568 3121 inter
582 3070 628 3118 AE·
716 3086 760 3137 ¹9-
781 3066 876 3117 Liberti
893 3069 942 3135 ejus
963 3067 1091 3120 dedissent.
1112 3070 1183 3125 Cave

126 3156 269 3224 gyptiorum
285 3151 406 3204 numine.
424 3146 628 3209 Ovidinr,b1e·
671 3165 732 3199 cum
753 3147 845 3216 Lipsio
863 3143 956 3199 credes
970 3147 1097 3200 orationis
1113 3163 1183 3204 stru·

126 3234 329 3306 umorpb.vers.
346 3227 627 3299 692,AEgyptiorurn
672 3238 775 3279 ctutum
799 3242 910 3295 poscere
929 3225 994 3288 sibi,
1011 3227 1134 3295 «liberti,
1157 3243 1184 3284 et
1257 3262 1266 3280 0

124 3310 177 3366 deos
190 3326 365 3373 enumerans,
374 3309 537 3378 honcsignnt
547 3307 625 3358 tacito
668 3307 711 3377 jus
726 3304 874 3369 dedissent,
888 3318 938 3357 etc.
954 3330 965 3351 ι
982 3306 1118 3360 Sententia
1131 3321 1183 3376 cst,

124 3394 222 3446 nomine
237 3410 245 3444 s
261 3417 272 3438 ι
284 3390 395 3460 Quique
405 3389 502 3458 premit
516 3402 625 3450 vocem,
670 3384 862 3437 edmissionum
882 3384 992 3439 libertos
1008 3389 1122 3441 scrutori
1140 3406 1183 3440 so·

123 3469 250 3544 digitoque
259 3470 363 3523 silentia
374 3467 474 3520 sunder.
488 3490 499 3512 ι
514 3465 605 3517 llrnn.
670 3464 731 3516 litos
754 3465 835 3516 luisse
849 3483 894 3517 eos
913 3465 959 3535 qni
976 3464 1011 3518 nd
1031 3467 1183 3537 principem

153 3555 196 3607 18.
213 3551 312 3621 Quibus
324 3549 498 3600 admissionem.
514 3545 585 3596 Usus
595 3561 626 3595 eo
670 3542 845 3608 secederent,
861 3545 1022 3616 criminique
1034 3545 1183 3611 dedissent

122 3646 176 3686 rooe
195 3629 371 3703 Tranquillus
399 3628 427 3680 in
447 3625 625 3695 Vesptsinno,
670 3642 750 3695 quem
765 3623 893 3695 principis
908 3624 1049 3695 imaginem
1064 3627 1091 3676 in
1102 3626 1197 3681 nnulo,
1295 3631 1298 3638 '

122 3705 442 3783 up.xrv:·‘1¹repidum
465 3724 525 3759 eum
544 3705 626 3756 inter·
670 3716 804 3775 gerentem
826 3701 1010 3756 offendissent.
1033 3702 1125 3757 llrno.
1141 3736 1182 3747 -

123 3786 182 3846 lieu
192 3788 311 3844 eulssub
320 3789 628 3858 Nerone,qunrentem·
672 3784 768 3852 Quibus
787 3783 952 3834 admissionem
969 3783 1057 3836 liberti.
1078 3785 1184 3848 Quibus

126 3885 167 3938 que
181 3868 310 3942 quidnam
326 3880 428 3939 egeret,
442 3878 487 3920 eut
500 3882 555 3936 quo
567 3862 625 3915 nbi·
667 3865 711 3934 jus
723 3861 893 3934 ingrediendi
909 3863 1063 3916 cubiculum
1081 3867 1184 3935 princi·

127 3961 168 4012 tet,
178 3948 285 4024 qrnidrm
300 3968 332 4002 ex
348 3944 437 4001 officio
457 3941 638 4008 admissionin
668 3942 710 4014 pis
720 3943 808 3996 liberti
826 3945 882 4012 ejus
892 3941 1040 4012 dedissent,
1052 3957 1102 3998 etc.
1117 3947 1152 3999 il.

129 4027 196 4084 timul
207 4030 357 4102 expellens,
371 4026 443 4079 obire
454 4023 624 4078 Morbouiam
712 4041 756 4075 so.
776 4023 871 4091 bingen
888 4024 1024 4077 eriminum.
1037 4024 1128 4089 Quum
1144 4027 1182 4079 rei

1018 4120 1057 4190 32
