2686 4816
477 356 637 423 LIBER
662 360 857 427 xxxin.
1161 391 1204 466 ¹9

125 489 198 581 jam
214 487 340 556 serrum
352 509 436 554 auro
454 479 641 581 cingunt¹⁸:
661 488 725 559 alia
741 514 802 586 per
815 515 886 560 sese
903 516 995 562 mero
1009 519 1090 566 auro
1106 499 1205 571 deco-

127 608 208 662 rant
222 620 231 660 τ
243 593 339 685 cujus
356 591 495 661 licentias
512 595 607 688 origo
623 598 757 666 nomine
773 599 846 691 ipso
860 600 894 666 in
911 601 1162 674 Samothraca²⁹
1171 608 1205 677 id

128 701 322 769 institutum
333 698 488 768 declarat.
503 691 678 796 Singulis³⁰
687 705 793 796 primo
804 703 912 798 digitis
922 709 992 800 geri
1004 733 1075 778 nros
1085 709 1204 799 tuerat,

126 808 186 901 qui
210 821 289 876 sunt
314 807 457 875 minimis
480 810 645 900 proximi:
666 811 767 878 sicin
788 813 909 880 Numae
926 827 960 882 et
982 815 1086 884 Servii
1104 818 1202 889 Tullii

126 916 248 982 statuis
275 912 436 981 videmus.
467 914 583 983 Postea
611 913 722 1009 pollici
749 919 901 1010 proximo
922 919 1081 1002 induere,
1104 926 1237 1001 etiams

127 1019 270 1088 deorum
292 1018 504 1087 simulacris:
535 1019 611 1089 dein
625 1022 713 1113 juvit
735 1037 769 1092 et
786 1023 925 1094 minimo
941 1011 1065 1095 dare³¹.
1088 1029 1204 1102 Galliae
1319 1087 1322 1093 .

123 1218 276 1290 gnisdant.
292 1238 348 1273 asa.
368 1219 507 1272 Lavernia
523 1221 565 1273 hie
582 1233 646 1274 suat
688 1239 765 1273 reum
791 1232 887 1275 totum.
911 1222 1030 1277 Turncb.
1062 1225 1108 1279 lib.
1132 1226 1201 1294 XX,

123 1318 193 1370 quaa
212 1300 293 1352 habes
310 1297 419 1350 viriolae.
439 1323 450 1344 ·
468 1300 597 1371 Apuleius
610 1300 645 1352 de
687 1318 744 1368 cap.
764 1320 788 1352 a.
812 1302 1009 1354 samothracios
1034 1302 1083 1356 hos
1109 1307 1201 1360 anulos

124 1379 275 1442 Asinodib.
285 1379 320 1439 Χ,
330 1378 445 1429 ferreum
457 1380 643 1431 servianuium
689 1378 839 1448 ἀλιξῖφιοιιν
853 1379 907 1432 ιίιιι
924 1381 1022 1433 babere
1030 1380 1144 1437 credidit
1155 1405 1201 1439 an·

124 1458 167 1511 bis
183 1459 273 1510 verbis
287 1468 416 1509 memorat
433 1475 439 1506 :
457 1482 469 1504 ι
483 1458 575 1509 Donec
586 1460 643 1528 jue·
688 1458 813 1528 tiquitas‚
829 1471 901 1512 utet
918 1461 1075 1514 Graecorum
1089 1467 1200 1532 φυσικοὺς

125 1557 157 1590 ιιι
168 1538 370 1609 magistratuum
383 1535 526 1588 ministeria
535 1538 642 1606 publica
686 1532 848 1601 deieratione,
863 1538 934 1591 intus
944 1540 1049 1609 pervios
1062 1555 1088 1595 et
1097 1561 1196 1606 cassos.

124 1618 295 1670 contrectatis
318 1614 472 1686 nequissimi
492 1618 562 1668 servi
586 1635 641 1670 ma·
683 1614 910 1686 quemadmodum
933 1619 1025 1671 scribit
1041 1620 1196 1676 Artemido-

124 1698 221 1760 uibus,
240 1697 351 1748 anulum
378 1694 471 1746 iamuii
492 1694 640 1764 depreben-
681 1716 734 1750 rus.
753 1699 784 1748 lu
804 1696 964 1750 cerimoniis
983 1696 1097 1753 flaminia
1119 1699 1196 1756 dialis

126 1796 183 1829 sum
199 1796 261 1829 cum
274 1775 456 1846 signosacculi
467 1776 635 1828 conseruata
683 1777 810 1846 scriptum
824 1777 892 1840 fuit,
906 1802 917 1823 ι
932 1778 1022 1829 ΑιιιιΙο
1036 1779 1086 1831 nisi
1102 1783 1195 1851 pervio

125 1858 226 1909 Dim.
241 1886 282 1899 -
297 1857 349 1908 Nec
365 1873 412 1904 non
428 1865 452 1904 et
462 1859 568 1909 servitia.
583 1857 639 1909 Nec
682 1874 808 1926 cassoque
823 1874 857 1908 ne
872 1855 964 1908 utitor.
980 1882 991 1902 ι
1008 1859 1076 1912 Dar..

127 1955 179 1988 oon
197 1937 293 2000 etiam,
312 1934 414 2005 inquit,
436 1935 505 1986 servi
522 1936 638 1988 ferreum
724 1938 818 2004 29.1r
841 1933 1006 1988 Samothrace.
1026 1937 1134 2003 Insula,
1160 1939 1195 1994 de

126 2016 197 2067 anuli
213 2015 363 2087 capitutum
379 2013 490 2083 cingunt
505 2034 584 2076 auro,
600 2014 638 2067 sic
680 2032 733 2085 qua
753 2015 801 2068 lib.
818 2016 868 2077 IV,
888 2034 945 2086 cap.
968 2015 1012 2069 ad.
1035 2016 1104 2071 Hinc
1122 2020 1195 2073 enim

127 2108 154 2147 ut
164 2095 267 2149 ferrum
281 2097 326 2146 vix
341 2094 471 2146 emineat:
487 2093 576 2146 addito
592 2095 636 2147 alii
680 2094 877 2148 Samotbracius
900 2095 995 2148 anulus
1022 2098 1189 2168 appellatus:

126 2175 224 2228 circulo
241 2192 274 2227 ex
290 2193 356 2227 auro
369 2191 460 2236 mero,
479 2174 503 2225 ei
521 2175 638 2244 capitulo
679 2175 742 2244 qui,
770 2187 801 2227 ut
822 2172 938 2227 Isidorus
964 2176 1017 2236 ait,
1039 2176 1086 2228 lib.
1113 2178 1192 2244 XIX,

127 2254 211 2308 ferreo
225 2254 309 2307 decue
321 2252 434 2307 addunt.
444 2254 554 2306 Servitia
565 2253 636 2306 dicta
678 2272 737 2325 cap.
752 2254 778 2318 3,
795 2271 891 2307 aureus
906 2255 977 2324 ipse,
995 2253 1043 2305 sed
1057 2255 1143 2308 ferreo
1155 2270 1192 2310 ts·

127 2353 172 2404 pro
184 2336 283 2396 servis,
294 2347 324 2387 ιιι
336 2333 481 2386 ministeria
496 2352 546 2403 pro
557 2333 636 2387 mini·
679 2351 739 2385 men
754 2333 872 2403 capitulo
885 2333 949 2396 fuit,
966 2352 1016 2403 qua
1031 2346 1106 2401 parte
1121 2336 1191 2390 allici

127 2418 197 2476 atria,
208 2414 274 2466 alibi
286 2414 447 2466 monuimus.
462 2411 508 2464 His
519 2414 635 2466 ferreum
677 2430 690 2463 a
704 2426 825 2481 magnete
835 2412 973 2464 Lueretius
988 2411 1053 2480 vidit
1067 2430 1099 2465 eo
1113 2428 1190 2468 versu

129 2493 206 2547 modo
230 2506 332 2564 gestare
353 2492 462 2544 anulum
487 2511 536 2563 per
566 2494 636 2562 leges
677 2509 736 2560 sup.
752 2489 822 2542 laud,
841 2490 1087 2544 «Ersuitareetiam
1098 2491 1190 2546 Samo.

128 2590 265 2645 moresque
277 2590 402 2626 romanos
414 2571 502 2635 licuit,
515 2586 635 2642 utsupra
676 2569 775 2624 thracia
791 2571 887 2636 ferrea,
903 2584 953 2625 etc.
967 2595 978 2618 ι
995 2569 1086 2625 liano.

127 2650 248 2707 diximus.
273 2653 326 2706 Sed
347 2653 375 2704 iu
398 2650 529 2721 tegendo,
555 2652 634 2704 deco·
718 2651 761 2703 30.
775 2650 885 2719 Singulis
901 2654 989 2719 primo.
1002 2649 1115 2704 Causam
1136 2651 1189 2705 hu·

128 2733 241 2786 maore
255 2732 341 2797 ferro,
360 2731 434 2783 mire
448 2744 525 2784 artcs.
541 2734 634 2784 Petro·
675 2729 749 2799 jusce
766 2731 847 2783 moris
863 2731 941 2782 aiiert
957 2731 1057 2785 Atreius
1079 2730 1186 2801 Capito,

128 2813 182 2867 nius
201 2814 230 2866 in
253 2813 338 2883 Saryr.
352 2833 380 2884 p.
396 2816 467 2873 ¹⁰4²
487 2837 499 2857 ·
516 2813 636 2865 Habebat
675 2808 748 2879 apud
763 2811 882 2862 Macrob,
905 2810 1036 2864 Saturuul.
1059 2810 1105 2863 tib.
1116 2811 1185 2875 vn,

128 2892 152 2943 iu
169 2893 282 2945 minimo
300 2890 388 2961 digito
410 2890 521 2943 sinistrae
542 2910 635 2943 manue
675 2908 733 2960 cap.
753 2888 798 2954 13,
809 2889 913 2960 prolixa
923 2891 1051 2953 oratione,
1064 2908 1144 2962 quarn
1156 2904 1184 2944 tu

127 2972 229 3025 mulum
242 2970 370 3043 grandem
383 2972 571 3023 subauratum:
588 2989 634 3023 ex·
675 2969 792 3022 consule.
819 2970 908 3022 Atteio
931 2970 1073 3022 subscribit
1096 2971 1183 3041 Apion

127 3063 208 3104 uerno
223 3071 289 3105 vero
301 3052 417 3105 articulo
432 3048 509 3121 digiti
522 3069 634 3122 sequen·
674 3049 872 3119 grammaticus.
893 3049 1004 3102 inlibris
1013 3049 1185 3120 Egyptiacio,

127 3131 155 3183 tis
174 3133 321 3196 minorem,
342 3145 372 3184 ut
394 3129 459 3182 mihi
485 3128 632 3195 videbatur,
676 3127 1105 3199 exquibussimiiiaplaoereoitat
1121 3130 1185 3185 Get-

127 3222 207 3263 torum
227 3228 356 3275 aureum,
375 3210 422 3263 sed
444 3209 524 3280 plane
541 3209 634 3262 ferreis
676 3208 744 3271 lius,
759 3208 805 3260 lib.
822 3210 864 3269 X,
876 3226 933 3280 cap.
950 3226 1029 3279 ro‚p.
1046 3209 1112 3277 519.
1130 3208 1184 3262 Ubi

127 3291 204 3344 retati
213 3291 296 3344 stellio
309 3290 522 3343 ferruminatum.
538 3314 548 3337 ι
567 3288 600 3341 Η,
675 3286 736 3340 ride
745 3306 804 3358 qum
814 3287 914 3340 babent
926 3287 964 3339 iili
977 3296 1009 3340 ex
1022 3288 1184 3341 anatomico-

163 3368 210 3425 ΞΒ.
223 3371 282 3423 June
291 3370 386 3438 ferrum
400 3389 460 3421 auro
473 3373 581 3439 cingunt.
598 3367 629 3422 Id
673 3386 733 3420 rum
751 3367 827 3420 tibris
840 3367 874 3419 de
885 3385 967 3421 uerro
977 3365 1095 3438 quodam
1109 3366 1186 3438 quie

126 3462 176 3511 ert,
196 3464 228 3505 ιιι
248 3451 349 3503 ferrum
378 3469 429 3521 pro
454 3465 557 3520 gemma
579 3450 628 3501 sit:
674 3444 755 3500 eorde
769 3460 846 3500 natue
857 3461 979 3517 prorsum
996 3459 1087 3517 pergat
1100 3464 1182 3516 usque

125 3529 184 3584 dias
196 3531 307 3583 annium
325 3542 413 3583 totum
427 3527 541 3582 ferreum
558 3529 631 3581 inan·
674 3525 707 3579 ad
719 3526 833 3597 digitum
843 3544 938 3579 manus
950 3525 1058 3579 sinistre
1073 3526 1186 3578 minimo

125 3611 389 3664 raosltmereterro
401 3609 632 3661 Lucretiuaiactoa
674 3607 835 3679 proximum.
849 3608 939 3660 Hann.
1174 3618 1178 3625 ⁴

125 3688 157 3742 ait
167 3690 220 3744 boo
229 3693 325 3744 veroa:
340 3689 495 3742 dissultare
503 3689 633 3742 etiamse-
692 3707 694 3711 ·
718 3686 764 3739 dr.
776 3686 880 3739 Minimo
888 3686 955 3738 dare.
966 3685 1035 3738 Eum
1048 3683 1096 3757 qui
1110 3685 1186 3755 mini·

126 3771 270 3824 uotbncia
289 3770 375 3823 iet-rea
393 3768 460 3821 ridi.
474 3792 485 3813 ο
515 3767 634 3821 isidorus
676 3786 721 3820 mo
739 3766 853 3837 geritur,
867 3767 904 3818 ob
914 3763 1070 3837 parvitatem
1084 3765 1183 3835 isaei:

126 3847 335 3904 Samothraeium
355 3867 467 3902 aureum
492 3867 562 3914 esee,
586 3846 633 3900 aed
677 3845 722 3917 qui
734 3845 837 3909 indice,
848 3847 962 3916 ιοιὶαμιι
979 3844 1070 3897 vocari
1079 3863 1110 3898 er
1125 3845 1187 3898 Pol·

127 3926 209 3983 iorreo
228 3929 348 4000 capitulo
364 3928 462 3990 tradit,
484 3941 515 3981 ιιι
530 3928 634 3997 Thyni·
678 3927 738 3978 luce
749 3923 829 3977 tradit
849 3923 961 3994 Rhodig.
978 3924 1026 3976 lib.
1034 3923 1090 3987 Vl,
1103 3942 1129 3978 e.
1144 3942 1186 3977 ra.

126 4023 198 4075 ιιιιιι,
222 4009 353 4064 nimirem
374 4008 564 4080 ninimirum,
587 4024 634 4061 au·
680 4007 713 4059 Ia
732 4003 833 4075 digito,
851 4004 898 4074 qui
917 4003 1029 4056 minimo
1053 4004 1189 4075 proximus

1023 4114 1067 4168 1²¹1
