2686 4816
1149 147 1170 175 ἱ

478 361 630 427 sinan
656 364 849 431 xxxin.
1155 389 1195 462 ¹7

123 512 201 556 nem
228 487 271 556 ab
295 488 479 558 Hannibale
507 492 602 560 mitti.
631 496 723 563 Inter
745 480 973 588 'Caepionem'⁸
1002 520 1133 593 quoque
1164 515 1198 571 et

124 595 273 664 Drusum
296 619 338 664 ex
355 593 457 665 anulo
474 598 508 664 iu
529 600 683 667 auctione
702 598 827 688 venali,
850 601 1027 686 inimicitiae
1048 627 1195 698 coepere:

127 699 214 768 unde
225 702 319 795 origo
331 701 461 771 socialis
474 700 595 784 belti'⁹‚
608 718 641 774 et
656 708 754 775 exitia
772 731 894 775 rerum.
908 708 959 775 Ne
974 719 1045 774 tum
1060 709 1194 802 quidem
1213 732 1228 786 ⁵

132 831 241 876 omnes
258 822 428 877 senatores
441 808 651 879 habuerunt:
674 827 791 906 utpote
808 837 913 906 quum
935 817 1094 883 memoria
1113 839 1197 885 avo·

135 936 202 980 rum
222 912 316 982 multi
331 928 476 1008 praetura
496 940 630 1008 quoque
650 917 773 1002 functi,
789 921 823 986 in
840 919 930 987 ferro
945 923 1198 1010 consenuerint,

140 1019 213 1087 siun
230 1017 450 1114 Calpurnium
461 1023 486 1048 ²⁰
500 1036 534 1090 et
553 1020 772 1109 Manilium²¹‚
792 1025 849 1118 qui
867 1022 994 1119 legatus
1007 1026 1079 1094 Caii
1098 1030 1198 1098 Marii

142 1123 232 1194 luerat
246 1127 450 1220 Iugurthino
464 1126 566 1214 bello,
585 1129 767 1198 Fenestella
783 1129 883 1198 tradit
899 1145 955 1198 :et
974 1130 1068 1200 multi
1085 1135 1123 1200 L.
1137 1136 1164 1203 F
1165 1158 1198 1202 u·

145 1229 240 1299 fidium
248 1234 273 1259 ¹²
286 1231 398 1317 illum,
419 1233 462 1301 ad
481 1258 579 1327 quem
601 1237 745 1305 Scaurus
763 1237 806 1305 de
825 1237 891 1304 vita
911 1260 969 1304 sua
989 1239 1141 1332 scripsit:
1162 1241 1197 1308 in

146 1338 338 1425 Quintiorum
352 1328 377 1366 ²³
392 1363 472 1408 vero
500 1338 623 1407 familia
647 1365 785 1427 aurum,
816 1367 858 1410 ne
882 1342 1019 1411 feminas
1045 1344 1197 1436 quidem,

147 1441 245 1513 habere
266 1470 339 1514 mos
362 1445 482 1515 luerit:
506 1445 680 1540 nullosque
701 1450 837 1517 omnino
856 1447 972 1517 anulos
994 1450 1099 1542 major
1119 1475 1197 1545 pars

147 1552 269 1641 gentium
290 1552 548 1646 hominumque,
565 1555 663 1621 etiam
678 1557 734 1647 qui
750 1555 811 1622 sub
834 1556 974 1648 imperio
995 1571 1110 1624 nostro
1133 1557 1194 1625 de·

145 1669 225 1747 gunt,
244 1657 410 1751 hodieque
428 1657 562 1747 habeat.
587 1661 665 1728 Non
690 1663 797 1754 signat
823 1661 943 1728 Oriens
963 1675 1020 1729 aut
1034 1663 1195 1757 AEgyptus
1213 1681 1230 1731 6

142 1850 308 1924 (sanginem
342 1855 431 1920 missi,
467 1855 634 1928 dignitasque
678 1857 816 1927 utriusque
832 1856 979 1910 inimicitiis
994 1857 1096 1910 dictum
1109 1872 1191 1922 antea.

141 1935 248 2002 questris
274 1947 360 1987 taxata
381 1953 542 1988 mensura.»
567 1937 633 1990 Tres
676 1935 747 1988 libro
761 1937 901 2001 xxvm,
920 1955 979 2006 cap.
998 1944 1045 2000 41.
1060 1938 1152 1992 Iliun.

138 2013 230 2082 August.
251 2012 286 2065 de
306 2014 414 2067 Civitat.
436 2015 560 2080 Dei,lib.
577 2017 633 2081 111,
720 2034 764 2085 ¹9·
781 2015 885 2067 Socialis
906 2015 971 2068 belli.
988 2017 1050 2068 Sive
1065 2018 1189 2085 Marsici,
1265 2064 1269 2089 ,

137 2109 180 2161 up.
196 2111 226 2162 ¹9
240 2112 248 2146 ε
262 2114 274 2135 ¹
287 2095 328 2146 Do
338 2095 470 2146 Cannensi
481 2108 567 2147 autern
580 2115 633 2148 ma·
675 2094 709 2146 de
722 2114 776 2165 quo
785 2095 876 2146 Livius
889 2095 915 2147 in
926 2096 1049 2166 Epitome
1062 2097 1080 2149 l.
1089 2098 1189 2163 LXXI,

136 2169 224 2242 loquid
240 2172 399 2226 dicami...
414 2171 486 2226 unde
501 2174 631 2229 Hannibal
675 2175 778 2226 LXXII
804 2185 830 2226 et
849 2174 982 2236 LXXIII,
1006 2194 1055 2226 nos
1079 2196 1186 2248 quoque

135 2261 175 2304 tres
196 2251 300 2305 modios
325 2252 466 2305 anulorum
487 2272 630 2308 aureorum
672 2254 794 2325 superius
807 2252 840 2305 ad
854 2254 954 2305 librum
967 2255 1009 2312 11,
1023 2256 1185 2324 cap.85.H.

133 2329 306 2402 Carthaginem
322 2333 394 2385 misit
410 2352 416 2383 :
431 2352 486 2404 quo
499 2334 629 2404 intellige·
678 2335 758 2384 -In
774 2335 846 2399 serm
869 2338 1041 2384 consenserint.
1064 2335 1135 2385 Brot.
1153 2353 1186 2388 ex

132 2424 290 2464 renitentem
306 2413 334 2464 in
350 2412 398 2464 illo
411 2413 501 2481 prulio
514 2412 630 2483 dignita·
674 2411 812 2463 codicibus
831 2413 912 2482 Regg.
935 2423 961 2462 et
979 2409 1094 2464 editione
1110 2414 1186 2483 prin·

131 2501 173 2541 um
183 2490 307 2544 cecidisse
321 2509 471 2555 romanam,
485 2505 514 2544 ut
528 2493 631 2544 facilins
673 2491 748 2560 cipe,
772 2496 797 2540 in
804 2493 887 2556 ferreo
903 2494 1082 2547 consenuerint,
1105 2493 1186 2546 anulo

131 2584 527 2642 nmcsperetmensura‚quam
539 2589 630 2624 nume·
672 2569 804 2623 videlicet
822 2572 874 2622 En.
1053 2567 1060 2577 ’

130 2666 172 2702 rus.
189 2678 200 2697 ι
218 2651 326 2713 Livius,
340 2652 386 2703 lib.
403 2652 516 2713 XXIII,
532 2654 629 2705 lamam
714 2669 756 2701 ao.
771 2650 936 2717 Cohaurnr'um.
952 2650 990 2701 M.
1003 2652 1184 2722 Calpurnium

129 2744 173 2782 erse
192 2730 324 2783 vemooem
348 2731 464 2783 affirmat
487 2730 521 2783 de
550 2732 629 2783 unico
672 2730 837 2790 Flammam
862 2729 895 2781 de
926 2749 980 2799 quo
1007 2750 1056 2782 nos
1082 2733 1184 2801 egimus

129 2807 220 2862 nodio.
231 2811 309 2862 Utut
324 2823 378 2872 est,
387 2811 518 2880 sequitur,
528 2812 630 2881 equites
672 2810 718 2862 lib.
737 2808 817 2860 XXII
828 2828 904 2880 ‚cap
920 2813 947 2860 6.
958 2811 1050 2862 Iliun.

128 2900 172 2940 tun
181 2891 288 2961 gessisse
299 2890 401 2949 anulos.
410 2909 502 2942 aurem
512 2891 627 2942 scilicet:
715 2907 759 2942 ar.
770 2889 805 2939 Ee
813 2888 950 2940 Mam‘linm.
962 2888 1005 2940 Sic
1015 2890 1092 2942 etiam
1104 2891 1182 2943 MSS,

127 2986 201 3037 quum
219 2970 295 3036 prius
312 2968 340 3021 id
360 2969 461 3021 senatui
481 2982 582 3022 tantum
597 2970 629 3021 li·
673 2969 717 3019 Ab
732 2969 829 3020 Orosio
838 2973 868 3018 Α.
879 2968 1010 3021 Manlium
1025 2968 1183 3040 Mariilega·

127 3061 196 3102 teret.
207 3049 243 3102 Et
254 3050 517 3119 huncpromiscuuru
529 3050 630 3102 Plinius
672 3060 729 3099 tum
743 3048 869 3119 appellari
883 3047 972 3100 audio.
985 3048 1075 3101 Hiran.

127 3144 194 3181 urum
207 3143 294 3182 vocat.
310 3129 399 3182 Iliun.
716 3147 761 3180 aa.
775 3129 805 3179 L.
821 3127 951 3196 Fufidium.
968 3129 1011 3180 Sic
1022 3130 1101 3182 MSS.
1115 3131 1180 3201 ch.

162 3210 205 3261 18.
241 3210 310 3261 Inter
337 3210 482 3277 Coepionem.
515 3209 576 3261 Fuit
609 3209 630 3261 is
676 3206 843 3271 2,etchiffl.
860 3227 914 3259 nou
933 3206 1065 3261 Fusidium.
1080 3210 1182 3280 Siupa-

126 3285 151 3350 Q.
159 3287 289 3341 Servilius
295 3287 400 3359 Cupio,
408 3290 479 3342 bello
490 3288 580 3341 sociali
593 3289 629 3340 le·
673 3289 737 3340 riter
747 3287 933 3356 inscriptiones
941 3287 1018 3338 variis
1027 3287 1098 3360 apud
1110 3288 1182 3341 Gru·

125 3379 191 3434 gatus
201 3369 298 3421 Rutilii
311 3367 443 3430 consulis,
462 3386 533 3421 anno
548 3369 630 3421 Urbis
673 3382 767 3420 terum.
795 3366 889 3418 Cicero
909 3384 1017 3437 quoquc
1039 3368 1066 3420 in
1088 3369 1181 3420 Bruto.

126 3449 193 3510 664,
226 3448 275 3515 qui
304 3449 500 3501 circumventus
527 3447 631 3501 insidiis
673 3445 992 3500 usin-nevarum
1009 3447 1180 3516 scripsie.Co·

124 3525 176 3579 fuso
190 3529 309 3581 exercitu
324 3526 429 3580 cecidit.
450 3528 574 3598 Epitome
588 3529 630 3579 Li·
673 3525 743 3579 dices
772 3526 855 3594 chg.
883 3537 910 3577 et
933 3524 1015 3577 editio
1039 3527 1182 3598 princeps,

125 3604 170 3669 vii,
180 3606 227 3659 lib.
245 3608 352 3661 LXXI:
372 3635 382 3654 ι
401 3608 439 3658 Μ,
455 3607 545 3659 Livius
560 3608 630 3659 Dru·
673 3607 763 3659 scribit.
779 3606 819 3657 De
830 3604 920 3658 Scauri
935 3605 987 3656 vita
1003 3605 1062 3657 satis
1077 3604 1131 3657 dixi
1146 3604 1181 3658 ad

125 3687 292 3741 iustribunus
303 3687 340 3758 pl.
355 3687 458 3740 socialis
468 3687 531 3739 belli
540 3702 631 3740 auctor
673 3686 757 3738 Tacit.
765 3685 822 3736 Vit.
837 3685 954 3754 Agricol.
966 3702 1023 3754 cap.
1041 3703 1064 3736 r.
1077 3685 1161 3737 Bnor.

125 3764 244 3829 creditur,
255 3767 386 3820 incertum
400 3786 488 3838 aquo,
504 3765 576 3818 domi
587 3786 632 3819 oc·
714 3765 757 3818 23.
770 3766 799 3817 ln
817 3766 979 3834 Quintiorum,
1001 3763 1179 3828 Quintiorum

126 3843 265 3899 rumese-
283 3845 388 3900 Invidia
400 3845 480 3900 cedis
491 3845 562 3916 apud
574 3848 631 3900 Cas·
674 3845 773 3897 familia
798 3846 886 3897 llomae
914 3845 997 3904 clara,
1025 3856 1051 3895 et
1073 3846 1182 3914 patricis

127 3923 225 3990 pionem
241 3927 312 3989 fuit,
325 3927 413 3997 iuquit
427 3929 516 3979 Aurei.
528 3927 629 3991 Vlctor‚
675 3925 740 3984 fuit,
753 3922 1015 3992 inquaCincinnati,
1027 3923 1181 3993 Capitolini.

127 4000 167 4056 lib.
189 4003 310 4059 (levitis
329 4006 424 4059 illustr.
442 4024 500 4076 cap.
523 4009 570 4060 66.
589 4009 629 4058 De
675 4004 806 4073 Crispini,
822 4002 977 4063 Flaminini,
993 3999 1103 4055 diversis
1120 4017 1185 4055 tcm-

190 4106 253 4171 IX.
1021 4126 1040 4166 2
