2686 4816
159 343 207 425 [ιο
427 339 467 406 C.
493 337 666 410 PLINII
692 338 802 412 NAT.
828 336 958 407 HIST.

157 469 375 566 Argentum⁸²
391 469 557 564 signatum
572 486 624 543 est
639 497 728 542 anno
742 470 845 541 Urbis
864 490 1085 556 coccum,
1100 468 1146 558 Q.
1167 471 1231 538 Fa

157 578 214 646 bio
235 575 386 659 consule,
407 577 551 670 quinque
576 577 690 649 annis'
692 564 800 647 ³unte
815 577 963 671 primum
981 573 1106 644 bellum
1124 574 1231 643 Puni·

124 703 141 756 3
160 708 247 754 cum.
260 686 306 752 Et
325 681 450 777 placuit
466 676 672 754 denarium²⁴
685 710 748 779 pro
767 683 882 752 decem
898 680 988 750 libris
1002 682 1094 770 aeris,
1110 683 1229 775 quinn-

157 886 294 957 turinsque
319 903 353 938 ex
388 902 470 938 censu
497 884 670 958 descripserit
713 877 822 958 quintus
835 897 898 939 ente
910 883 1044 936 Punicum
1059 883 1163 936 bellum
1176 885 1234 955 pri·

158 966 266 1021 servius
279 963 383 1017 Tullius
401 983 447 1017 rex
467 967 668 1030 Romanorum,
713 984 787 1019 ιιιιιιιι
801 983 889 1017 annus
901 962 969 1017 nlius
980 981 1036 1016 esse
1046 974 1146 1034 potest,
1155 963 1190 1016 sb
1199 981 1231 1016 en

158 1043 272 1099 disceex
281 1043 370 1107 Livio,
380 1043 428 1096 lib.
440 1044 462 1104 1,
474 1057 534 1115 post
542 1045 671 1101 medinm.
713 1063 793 1118 quem
812 1043 939 1097 diximus.
960 1043 1040 1097 Certe
1060 1042 1088 1094 in
1109 1042 1230 1096 cbitflee

159 1125 251 1177 Festus
264 1144 270 1174 z
284 1123 355 1175 Infra
372 1123 479 1176 classem
496 1125 668 1196 significetur,
714 1129 773 1177 cod.
783 1124 804 1176 si
816 1122 951 1177 credimus
963 1123 1005 1176 Cl.
1016 1120 1166 1185 Cbiffletio,
1179 1122 1230 1176 lib.

47 1264 50 1273 Ι
159 1204 207 1274 qui
216 1203 321 1254 minore
328 1220 429 1255 summe
438 1222 517 1274 quarn
528 1217 636 1257 centum
644 1217 671 1257 et
713 1203 748 1256 de
757 1203 850 1274 Antiq.
861 1220 937 1255 num.
950 1220 975 1254 c.
990 1220 1019 1270 7,
1031 1220 1058 1272 p.
1069 1201 1118 1266 55,
1129 1196 1232 1256 diserte

159 1282 253 1354 viginti
263 1282 376 1334 millium
389 1283 449 1335 aeris
458 1285 626 1337 censisunt.·
636 1283 670 1337 H.
713 1283 820 1353 legitur,
831 1280 1233 1336 CCCCLXXXffl-Bror.

202 1381 250 1416 nn.
260 1362 397 1430 Argentum
414 1365 535 1431 signatum
553 1356 590 1416 erl
608 1382 672 1415 anne
718 1364 752 1432 Q.
764 1362 860 1431 Oguln.
874 1361 905 1415 C.
915 1361 995 1413 Fabio
1005 1380 1065 1412 ense.
1078 1361 1130 1412 Eu.

163 1442 235 1495 Urbis
259 1440 507 1507 CCCCLXXXV,
535 1443 568 1511 Q.
594 1442 672 1494 Fabio
757 1444 803 1496 23.
827 1443 940 1514 Quinque
960 1444 1038 1492 annis.
1058 1439 1134 1504 Sive,
1155 1438 1232 1510 quod

160 1522 272 1584 consule,
285 1524 387 1591 quinque
407 1524 476 1572 annis
498 1533 554 1572 ante
568 1525 672 1592 primum
716 1519 813 1575 eodem
829 1522 913 1574 ferme
923 1519 1034 1584 recidit,
1047 1533 1078 1572 nt
1086 1519 1184 1571 Livius
1196 1520 1233 1573 nit

161 1602 248 1654 bellum
262 1600 388 1652 Puniceus.
411 1602 452 1652 Ita
474 1600 536 1652 libri
560 1620 674 1667 omues,
715 1601 745 1653 in
757 1602 882 1692 Epitome
895 1601 956 1653 libri
968 1601 1042 1652 XV·
1062 1598 1166 1650 Victis
1177 1598 1232 1651 Tn-

159 1677 334 1734 nulloeddrto
343 1679 458 1750 collega
469 1681 571 1732 consuls
581 1681 671 1734 Fabio
715 1681 859 1734 reatinis..
881 1692 946 1733 tunc
970 1679 1088 1750 primum
1112 1678 1232 1749 populus

159 1762 193 1813 In
215 1762 279 1830 Reg
296 1777 309 1809 ι
332 1757 392 1810 cod.
413 1759 518 1829 legitur,
539 1760 575 1845 Q
590 1761 623 1812 0.
641 1760 671 1813 C
715 1779 842 1813 romanus
852 1773 961 1829 argento
970 1773 1009 1811 uti
1023 1759 1130 1829 coepitn
1119 1759 1233 1812 »Vsus

159 1840 248 1892 Fabio.
258 1835 340 1890 Unde
350 1839 479 1892 Centerus
481 1808 586 1912 ,Antiq
596 1842 672 1892 Lect.
717 1852 806 1892 temen
820 1839 891 1910 apud
905 1839 1008 1893 Charis.
1023 1838 1117 1890 Annel.
1132 1835 1229 1903 lib.1‚

160 1920 208 1972 lib.
220 1920 247 1971 ll
250 1936 327 1987 ,.cnp
341 1936 393 1970 ιιι
398 1917 555 1989 ,legendnm
568 1920 673 1990 bicpu·
717 1919 755 1972 sic
779 1919 916 1989 scripsit:
946 1918 1117 1971 uNummum
1137 1934 1234 1988 ergen-

162 1997 673 2068 tat,QOguln10,C.I⁴nbtocos.Ve·
717 2011 789 2051 teum
814 1998 959 2051 conflatum
985 1997 1103 2068 priunum
1132 2015 1148 2049 e
1171 1997 1232 2051 Ser.

161 2096 223 2131 rum
239 2076 311 2130 baud
329 2077 457 2130 credibile
478 2091 516 2130 est
534 2079 673 2132 librarium
716 2079 808 2131 Tullio
818 2078 921 2131 dicunt.
938 2103 950 2125 ι
969 2075 1022 2130 Sed
1036 2077 1086 2129 hec
1101 2076 1234 2146 loquendi

160 2158 277 2211 voluisse
286 2157 342 2210 sola
354 2157 439 2210 littere
453 2157 479 2210 0
490 2158 624 2226 Ogulnium
635 2160 675 2211 in·
718 2159 804 2211 forma
815 2159 941 2210 obscuros
954 2175 1009 2209 esse
1019 2157 1096 2209 inme
1106 2156 1179 2209 illius
1190 2174 1234 2210 nu·

162 2237 253 2309 telligi.
274 2238 368 2307 ltaque
385 2238 452 2289 nihil
470 2237 624 2291 mutandum
645 2240 673 2290 in
718 2250 804 2290 ctores
822 2237 958 2307 significat.
980 2236 1040 2288 Scio
1060 2236 1093 2289 T.
1116 2235 1234 2289 Minucii

162 2317 338 2387 suscriptum
355 2336 508 2382 censemus,
521 2337 600 2389 quum
615 2338 674 2371 om·
718 2317 863 2389 Augustini
881 2334 1021 2368 nummum
1037 2315 1170 2386 proferri,
1185 2315 1234 2368 sed

162 2416 209 2450 nes
223 2396 287 2449 libri
301 2408 401 2450 veteres
416 2397 550 2451 exhibent.
569 2398 675 2451 Trium·
718 2400 774 2468 ejus
784 2414 839 2449 esse
849 2413 926 2466 nego,
940 2395 987 2466 qui
999 2395 1093 2448 consul
1107 2395 1159 2448 fuir
1168 2407 1233 2448 ente

162 2476 215 2528 viri
231 2477 369 2529 monetalis
380 2495 411 2529 ex
425 2491 502 2548 gente
518 2478 614 2540 Fabia,
625 2478 674 2530 bo·
719 2477 774 2530 lere
784 2495 819 2529 ιιι.
835 2494 914 2547 quem
928 2487 1044 2545 coeptum
1056 2474 1089 2527 sit
1099 2475 1233 2528 Punicum

162 2554 260 2626 dieque
282 2574 409 2609 nummus
430 2569 511 2608 exstat
530 2558 557 2608 in
580 2558 674 2609 llluseo
718 2557 837 2608 bellum:
855 2557 931 2625 cujus
946 2554 980 2606 sit
998 2567 1086 2607 temen
1104 2572 1235 2608 nummus

164 2634 303 2687 Parisiensi
325 2647 431 2697 nostro,
453 2637 530 2703 cnjus
548 2650 673 2705 ectypum
717 2635 776 2699 ille,
788 2635 938 2687 obscurum.
956 2634 1049 2685 Ηιιιιι.

163 2713 272 2787 Ριιίιιιιι
290 2712 411 2776 exbibet,
429 2714 457 2765 in
475 2728 552 2784 gente
575 2715 673 2780 Fabia,
761 2723 806 2778 ιι.
822 2715 859 2765 Et
875 2715 971 2783 placuit
988 2713 1120 2765 denarium.
1136 2711 1237 2767 Subin-

162 2812 225 2864 pug.
247 2810 310 2863 107,
331 2811 392 2844 cum
411 2793 460 2846 hnc
479 2793 624 2864 epigraphe
641 2813 673 2847 ex
719 2794 823 2863 tellige,
845 2806 873 2845 ut
900 2794 986 2857 infra,
1007 2793 1161 2864 permutari.
1190 2795 1233 2847 Sic

163 2889 253 2925 averse
268 2885 356 2942 purte,
380 2891 423 2924 ιιι.
443 2893 468 2925 ι.
488 2891 530 2926 nv.
551 2873 603 2926 buc
620 2887 673 2939 est,
718 2874 790 2926 enim
804 2873 995 2943 Mssuegn,
1009 2873 1108 2930 etalii,
1122 2891 1180 2924 ιιοιι
1192 2874 1234 2926 de·

163 2972 194 3003 ιι
205 2963 306 3020 urgento
317 2971 389 3022 puro,
400 2970 447 3004 seu
463 2952 551 3023 potius
558 2952 674 3021 publico,
719 2956 809 3017 uarius,
822 2957 989 3024 quinariusve,
1011 2966 1041 3005 ut
1056 2951 1119 3005 editi
1134 2969 1142 3004 ε
1162 2971 1233 3024 quo·

164 3051 195 3085 ex
207 3030 314 3083 adversa
323 3031 471 3102 sunthigse,
483 3050 544 3084 cum
556 3033 671 3096 ciconia,
717 3033 826 3085 rumvel
835 3051 867 3085 ex
877 3051 909 3085 eo
921 3051 996 3085 error
1002 3031 1145 3101 detegitur,
1155 3031 1233 3103 quod

164 3109 236 3182 quod
249 3111 335 3162 Fnbiae
344 3112 428 3181 gentis
438 3112 551 3182 insigne,
560 3112 673 3166 subscri·
718 3113 805 3165 statim
826 3115 956 3164 sestertium
981 3116 1022 3164 vel
1046 3111 1096 3182 ipsi
1120 3129 1233 3183 quoque

163 3192 417 3261 biturquc,c.rsu1.
436 3210 461 3243 u.
478 3212 502 3244 ι.
518 3190 569 3244 Sed
585 3205 610 3245 et
626 3213 672 3245 sn·
718 3192 816 3263 legant.
843 3193 928 3244 Porro
945 3191 1068 3244 denarius
1088 3203 1233 3262 argenteus

163 3289 228 3323 num
247 3270 418 3335 refluximus,
438 3290 492 3343 quo
509 3273 673 3325 consulatum
720 3268 889 3342 (cujusmodi
909 3284 970 3324 sunt
988 3270 1138 3324 consulares
1150 3270 1234 3342 pleri·

162 3351 244 3402 ambo
274 3350 381 3420 gessisse
405 3348 548 3415 dicuutur,
578 3370 675 3424 nempe
719 3349 793 3422 que),
807 3352 828 3404 si
842 3370 902 3405 cum
918 3352 1234 3421 monetenostruprobn·

165 3428 407 3493 CCCCLXXXV,
421 3450 503 3501 quum
524 3433 675 3484 centenario
720 3429 819 3483 tissima
830 3451 863 3483 ex
875 3443 981 3501 argento
992 3442 1183 3501 componetur,
1196 3431 1234 3483 le·

163 3510 267 3580 integro
293 3508 398 3563 codices
426 3523 481 3562 tum
511 3511 588 3563 MSS.
618 3523 674 3563 tum
719 3512 811 3581 gitima
823 3511 992 3563 estimatione
1002 3508 1089 3563 uslere
1100 3507 1233 3563 dicendus

163 3588 227 3642 editi
242 3589 406 3660 discrepent,
422 3590 558 3660 inquibus
570 3591 674 3661 legitur,
718 3603 757 3643 ert
770 3609 837 3643 asses
855 3608 935 3642 tereos
949 3590 1059 3643 omnino
1073 3602 1133 3642 octo
1146 3608 1152 3640 ι
1169 3590 1233 3659 qui·

164 3668 431 3734 CCCCCLXXXV,
448 3671 590 3723 centenarii
612 3684 673 3723 nota
717 3670 807 3722 nntius
816 3711 823 3735 ‚
833 3681 947 3741 quatuor
959 3688 965 3721 ε
978 3669 1130 3733 sestertius,
1141 3668 1232 3723 binos.

164 3745 288 3801 videlicet
303 3748 463 3803 abundante.
486 3751 524 3801 Eo
540 3763 610 3802 certe
627 3768 673 3802 en·
718 3750 778 3802 Scio
789 3751 822 3802 sb
831 3749 936 3802 erudito
946 3751 1005 3802 viro
1015 3788 1022 3812 ,
1032 3751 1058 3802 in
1069 3747 1232 3820 lllnstigopb.

160 3846 293 3899 umquem
306 3829 448 3891 edidimus,
460 3830 581 3883 consules
593 3828 673 3882 fuisse
721 3847 766 3893 11,
778 3849 838 3901 pag.
852 3829 897 3890 31,
913 3841 964 3882 eta
978 3827 1125 3891 Gnssendo,
1138 3827 1166 3879 in
1181 3846 1233 3899 np-

162 3907 196 3972 Q.
215 3906 363 3979 Ogulnium
384 3909 507 3975 Gallum,
528 3921 553 3961 et
574 3910 605 3962 C.
622 3909 671 3961 Fa·
716 3908 830 3978 pendice
848 3908 881 3962 ed
902 3910 946 3961 111
966 3922 1029 3963 tom.
1046 3908 1145 3960 Philus.
1161 3906 1232 3978 Epi·

161 3986 236 4039 bium
251 3987 380 4042 Pictorem
397 3989 467 4055 Festi
482 3987 590 4043 eredunt
603 4010 608 4039 :
621 4008 671 4043 nec
715 3989 908 4056 curi,min0ris
918 3988 1041 4044 testimari
1052 3987 1232 4042 :tuxsrienim
