2686 4816
227 333 273 402 30
502 337 539 397 (l.
568 333 740 401 PLlNll
765 333 872 399 NAT.
900 331 1024 399 HlST.

226 488 384 560 passuum
403 488 440 532 rx
455 488 495 533 ss.
512 465 582 539 sino
599 461 667 533 ullo
685 463 834 559 peditum
851 462 1043 558 adjumento
1056 466 1223 559 cepissent
1231 468 1300 561 ejus

226 569 380 645 vocabuli
394 596 401 638 :
415 569 515 664 idque
525 569 659 639 duravit
673 569 760 639 ultra
771 574 810 640 C.
829 569 1033 640 Gracchum.
1047 575 1066 640 J
1069 573 1166 641 troius
1180 559 1301 658 certe⁵‚

224 680 283 774 qui
303 678 346 746 ab
365 678 508 744 amicitia
527 677 598 771 ejus
617 677 837 746 Gracchanus
856 676 1039 771 appellatus
1054 681 1301 771 est,·scriptum

227 783 360 878 reliquit
378 783 429 852 his
439 783 548 851 verbis
561 807 568 850 ς
583 812 601 846 s
615 783 715 871 Quod
734 783 777 852 od
794 799 979 878 equestrem
996 783 1146 853 ordinem
1163 788 1302 872 attinet,

226 905 323 960 antea
341 888 501 959 trossulos
524 889 710 975 vocabunt,
728 915 817 959 nunc
845 892 971 984 equites
992 905 1115 959 vocant
1133 917 1141 959 :
1159 892 1302 986 ideoque

228 999 305 1092 quio
327 1021 395 1066 non
410 995 599 1090 intelligunt
615 995 775 1066 trossulos
792 1021 915 1065 nomen
938 996 1017 1089 quid
1035 995 1157 1081 voleat,
1178 997 1303 1068 multos

227 1087 351 1197 pudet⁶
372 1101 531 1171 trossulos
547 1105 668 1170 vocari.
685 1132 702 1168 s

196 1243 207 1274 ι
281 1193 325 1277 Χ.
350 1211 434 1277 Sunt
455 1209 565 1277 adhuc
588 1207 705 1303 aliquae
728 1233 795 1279 non
816 1207 1007 1277 omittendas
1032 1209 1066 1276 in
1091 1233 1174 1279 auno
1199 1209 1301 1280 diffe-

228 1317 352 1386 rentiae.
367 1313 507 1384 Auxiliu¹
517 1317 640 1410 quippe
658 1331 691 1384 et
706 1329 860 1384 externos
878 1313 1062 1409 torquibus²
1078 1319 1188 1386 aureis
1198 1317 1301 1387 dona-

228 1510 326 1564 tsleuto
342 1529 450 1582 equum.
464 1533 476 1556 ι
490 1509 633 1561 Marcellus
652 1521 752 1578 tmesis-q
788 1508 840 1560 sert
855 1509 882 1560 in
896 1508 1016 1581 Etymol.
1030 1510 1114 1561 verbo
1128 1511 1247 1564 Tmssuli.
1269 1509 1303 1566 H.

152 1589 155 1609 ⁴
226 1592 264 1643 los
290 1589 374 1644 dictos
398 1590 471 1653 vult,
495 1590 570 1659 qussi
599 1588 741 1642 torosulos.
830 1589 863 1640 X.
879 1590 1147 1642 r.Aurilia.Auxilie
1165 1587 1303 1652 (siceoiru

230 1672 297 1723 Dsr..
311 1701 350 1714 -
367 1669 493 1732 Trossuli,
507 1689 577 1740 qaesrm
591 1668 703 1739 oppidum
718 1673 743 1720 is
787 1667 864 1720 MSS.
878 1686 981 1733 omnes,
997 1681 1026 1720 ut
1040 1670 1145 1721 servitis
1159 1673 1303 1741 processis

232 1750 317 1802 rme
335 1755 414 1810 citra,
437 1762 488 1802 etc.
505 1749 617 1802 Festus:
638 1775 649 1796 ι
665 1749 745 1801 Tros·
787 1745 840 1799 dici
853 1750 1006 1800 monuimus
1021 1740 1176 1818 sepelsire
1191 1753 1304 1805 auxilio·

229 1829 279 1882 suli
297 1830 399 1902 equites
419 1828 503 1891 dicti,
522 1827 594 1899 quorl
610 1827 742 1899 oppidum
787 1846 829 1879 res
850 1830 934 1898 copiae
952 1827 1081 1881 dicuntur
1096 1831 1123 1882 in
1143 1829 1216 1883 bello
1235 1831 1303 1886 socii

228 1910 376 1963 Tuscorum
402 1909 558 1962 Trossulum
582 1909 639 1960 sine
661 1926 743 1978 opere
787 1907 1302 1975 Romanorumexternsrumnotionum,

230 1988 352 2061 peditum
367 1991 513 2060 ceperint.·
528 1989 636 2041 Manent
649 1989 743 2040 etism·
786 1986 876 2055 inquit
899 1988 999 2041 Festus.
1020 1989 1077 2041 Cur
1095 2007 1161 2041 vero
1182 1985 1303 2044 esteroie

229 2089 293 2122 num
317 2069 511 2139 locisestigis,
534 2070 613 2139 volgo
639 2069 743 2132 Trosso,
787 2068 860 2119 surei
888 2081 996 2139 torques
1019 2067 1154 2132 durentur,
1180 2071 1302 2142 argentei

232 2150 372 2220 vicinaque
387 2151 471 2212 fosso,
487 2149 507 2198 il
519 2149 585 2200 vodo
595 2149 622 2198 di
638 2149 743 2214 Troos,
787 2158 889 2198 tontum
901 2147 1096 2212 risibus‚iliu‹i
1110 2148 1239 2202 nimirum
1251 2164 1302 2216 est,

229 2228 335 2282 duobus
348 2247 473 2301 passuum
487 2228 608 2281 millibus
624 2245 640 2279 s
659 2228 743 2280 Monte
787 2225 859 2296 quod
874 2227 901 2278 iu
916 2228 968 2279 illis
984 2228 1100 2299 pretium
1115 2229 1298 2298 spectsbstur:

229 2310 356 2362 Fiascoese.
374 2310 465 2362 lisso.
787 2306 815 2357 iu
832 2307 874 2358 iris
886 2309 957 2360 solus
968 2308 1058 2360 horror
1069 2321 1095 2360 et
1108 2309 1191 2378 gloria
1206 2311 1244 2362 rei
1254 2328 1300 2381 ge-

270 2391 296 2444 5.
315 2390 402 2442 Jnatm
415 2400 506 2442 certe...
521 2390 635 2457 scriptos
646 2388 744 2458 reliquit
786 2398 840 2439 sto.
855 2385 987 2440 (loromm
999 2407 1030 2441 es
1043 2406 1108 2440 suro
1118 2387 1206 2441 dstsm
1219 2403 1301 2443 exten·

228 2471 264 2524 tu
291 2471 388 2533 oeulis,
415 2482 464 2522 etc.
499 2468 577 2520 Forte
608 2468 635 2519 in
668 2468 743 2520 lilsris
785 2467 828 2517 nis
839 2485 892 2518 non
905 2468 1023 2538 legimus.
1035 2468 1097 2520 lieo
1109 2486 1173 2519 vero
1186 2466 1221 2521 de
1232 2469 1302 2522 mili·

227 2569 296 2620 quos
306 2549 450 2619 inscripsit.
460 2548 666 2610 dehortatores,
677 2567 742 2617 quo·
786 2547 836 2598 tori
852 2560 960 2617 torque,
980 2548 1032 2599 hoc
1054 2561 1106 2612 est,
1126 2548 1215 2617 quiin
1229 2549 1301 2602 bello

227 2648 288 2681 rum
302 2628 443 2698 septimum
456 2626 741 2696 luodotUlpianus,in
785 2623 861 2678 dotus
886 2627 919 2677 sb
945 2628 1107 2697 imperatore
1131 2628 1228 2693 luerit,
1250 2647 1299 2682 ceu

230 2709 289 2778 oig.
300 2707 347 2761 lib.
359 2706 392 2759 de
405 2707 484 2759 offic.
499 2706 596 2771 Quast.
612 2708 741 2759 DeJuoio
785 2706 925 2775 premium
948 2707 1125 2765 fortitudinis,
1145 2708 1299 2777 accipimus

228 2787 385 2840 Gracchano
405 2789 459 2857 jam
484 2805 563 2854 supro
587 2788 690 2856 egimus
712 2788 740 2840 in
785 2798 845 2836 sunt
861 2802 868 2837 :
883 2785 987 2839 nonde
1001 2788 1098 2857 quovis
1111 2788 1171 2839 slio.
1186 2789 1256 2842 Nem
1271 2790 1299 2843 iu

227 2882 367 2921 suetorum
382 2866 482 2919 Indice.
500 2867 590 2918 Hsnu.
785 2865 890 2918 ludicro
919 2868 1064 2920 certamine
1086 2871 1237 2938 Augustum
1270 2871 1298 2923 in

270 2952 296 3002 6.
318 2947 409 2999 Multos
421 2945 505 3016 podet.
526 2947 640 3016 Propter
655 2947 740 2998 ambi·
785 2945 864 2997 Circo
879 2947 977 2999 scimus
990 2960 1086 3019 torque
1096 2966 1178 3001 aureo
1186 2949 1300 3002 donasse

227 3029 353 3098 guitotem
375 3028 464 3088 vocis,
481 3045 540 3096 ques
556 3027 675 3078 Persium
691 3027 740 3078 mi·
785 3025 903 3077 Nonium
926 3029 1099 3099 Asprenatem
1122 3046 1130 3081 τ
1156 3027 1203 3081 sed
1231 3029 1298 3083 nihil

227 3105 478 3170 nimelstuit,slurn
494 3107 740 3175 consenserunt,
784 3104 854 3156 istud
882 3104 914 3158 sd
939 3108 1105 3178 propositum
1133 3108 1297 3163 Pliuisnum.

227 3206 296 3241 vers.
314 3192 351 3256 96
368 3208 375 3238 ι
392 3186 551 3239 ιΤνοεευΙυε
566 3187 677 3238 exsultat
691 3187 740 3238 tibi
784 3184 866 3248 Quod
875 3200 962 3239 eutem
972 3187 1058 3240 Siccio
1068 3189 1181 3239 Dentato
1190 3201 1301 3259 torques

227 3285 276 3338 per
290 3268 412 3320 subsellis
432 3265 514 3319 lovis.
531 3292 541 3312 ·
557 3267 652 3336 Neque
665 3266 736 3318 enim
785 3283 880 3316 soreos
901 3263 979 3319 eletos
999 3286 1054 3320 esse
1071 3267 1164 3319 scribit
1185 3269 1298 3340 Dionys.

162 3337 164 3343 ¹
227 3347 311 3399 solum
323 3347 438 3418 equitem
448 3345 616 3416 significatui>
627 3345 740 3417 oppido,
783 3343 867 3398 Hoiic.
881 3344 981 3399 idcirco
991 3345 1092 3399 dictum
1107 3348 1141 3398 uls
1152 3365 1184 3398 eo
1196 3365 1299 3412 mmor,

227 3441 257 3480 ut
271 3426 372 3480 dictum
387 3438 426 3479 est
437 3424 498 3478 :sed
510 3439 536 3477 et
550 3424 694 3478 ‹lelicstum
709 3444 740 3477 ac
783 3423 857 3495 quod
872 3427 978 3478 nonnisi
992 3443 1087 3477 soreos
1097 3439 1193 3479 nosset,
1205 3428 1301 3482 essert

226 3506 452 3569 mollem‚iorssn
468 3524 579 3576 ugraecs
591 3524 656 3558 voce
666 3525 739 3574 τρυσ·
784 3517 856 3556 certe
883 3505 1040 3576 scriptores,
1067 3522 1134 3576 quos
1159 3507 1301 3562 retulimus

227 3589 277 3645 σός.
289 3588 350 3653 Quo
361 3604 438 3639 sensu
449 3603 502 3637 vox
516 3605 545 3638 eo
557 3598 739 3655 estscceptao
784 3584 908 3649 tinvtt,
925 3603 982 3657 cop.
1000 3603 1051 3653 29,
1065 3602 1159 3638 eureos
1175 3605 1234 3641 noo
1253 3607 1301 3660 ep·

227 3667 339 3729 Seneca.
351 3666 427 3737 epist.
441 3669 489 3735 76,
503 3681 530 3735 p.
545 3666 622 3734 733:
638 3692 649 3714 ι
665 3664 738 3730 Quid
783 3664 891 3734 pelium.
907 3664 997 3718 lisso.

226 3746 307 3816 ergo?
328 3745 399 3799 idem
422 3746 515 3798 faciem
537 3744 610 3816 quod
630 3746 738 3799 trossuli
826 3764 852 3796 s.
868 3746 990 3798 Externos
1010 3747 1132 3819 torquibus
1152 3751 1234 3799 sums
1254 3748 1300 3798 do-

226 3825 269 3876 isti
282 3844 313 3879 ao
327 3827 472 3894 juvenesis
483 3825 516 3877 Et
525 3824 737 3897 obilieronymm
784 3843 877 3876 novem.
891 3825 969 3896 Apud
981 3827 1088 3878 Livium
1099 3826 1169 3878 libro
1182 3827 1234 3891 111,
1247 3829 1300 3879 De·

225 3905 273 3956 tto.
285 3903 319 3957 de
334 3905 442 3958 vitando
455 3918 579 3975 suspecto
591 3906 740 3958 Contuber·
783 3903 884 3970 oodN,
897 3904 1005 3959 duobus
1017 3905 1144 3959 frutribus
1154 3906 1298 3960 Gallorum

225 3986 278 4037 nio.
298 3983 376 4036 Aside
395 3985 436 4037 his
456 4003 485 4038 es
502 4000 562 4056 ques
574 3985 686 4037 Vossius
705 3987 741 4037 sf-
784 3985 882 4053 regulis
898 3999 1004 4039 seusun
1019 4003 1131 4039 munero
1146 3987 1230 4040 mittit
1242 3997 1299 4039 tos·
