2686 4816
474 373 631 444 LIBER
660 372 849 444 xxxlll.
1156 372 1196 450 51

138 506 244 601 qu'hus
258 488 405 590 detorn'
418 518 566 576 veneunt
583 518 651 575 tam
667 506 820 575 inaurata
827 529 927 599 quam
937 508 1060 577 aurea⁹
1074 530 1082 579 t
1097 537 1202 606 qunnr

136 615 266 685 sciamus
288 610 498 681 interdixisse
516 612 719 682 castris‘suis
732 613 930 707 Spartacum
941 611 977 700 ¹⁰,
992 640 1035 684 ne
1052 619 1125 711 quis
1143 638 1202 690 au·

133 745 197 788 rum
212 719 366 800 baberet,
378 731 437 788 aut
451 732 639 813 argentum.
648 720 757 787 Tanto
773 719 836 788 suu
849 718 925 818 plus
939 722 1039 791 animi
1055 723 1204 820 fugitivis

131 824 291 897 nosuis¹¹.
315 823 461 897 Messala
486 838 602 894 orator
627 824 792 919 prodidit,
813 826 1029 896 Antoniunt¹²
1051 832 1203 902 triumvi-

131 933 332 1027 ntmaureis
350 915 483 1001 usum¹³
502 931 536 999 in
560 932 717 1002 omnibus
735 931 889 1002 obscenis
896 920 920 965 ¹⁴
936 933 1121 1024 desideriis,
1142 964 1205 1034 pu·

130 1038 234 1108 dendo
253 1023 439 1122 crintiae¹⁵‚
459 1038 560 1107 etiam
580 1023 809 1132 Cieopatrae¹⁶.
825 1040 972 1110 Summae
995 1041 1085 1137 apud
1110 1060 1240 1115 exte-3

130 1171 186 1234 russ
196 1144 340 1215 licentiae
359 1143 488 1229 fueras,
513 1143 636 1238 poculo
654 1168 757 1213 aureo
778 1143 925 1239 pulvinis
951 1148 1104 1234 subdito,
1127 1152 1205 1223 Phi·

130 1249 253 1349 lippum
297 1273 411 1344 regem
447 1250 595 1319 dormire
634 1249 768 1320 solitum
800 1271 808 1311 t
843 1254 1017 1346 Agnonem
1029 1254 1053 1295 ¹⁷
1084 1260 1203 1335 Teium

129 1476 157 1531 de
177 1476 278 1548 quihus
302 1474 449 1541 Martialis,
475 1475 546 1528 libro
567 1473 645 1542 XIV,
691 1485 774 1527 totam
800 1474 932 1529 rationem
957 1474 1054 1530 Florus
1080 1478 1206 1551 expedit,

128 1556 512 1629 Epigr.xcv11,cnjuslcmrna,
522 1579 533 1599 ·
543 1555 644 1611 Lances
691 1554 739 1607 tib.
752 1554 808 1619 111,
821 1572 880 1625 cap.
895 1573 938 1610 ao.
953 1555 1043 1608 Hinn.

129 1634 310 1710 chrysendeta
334 1652 342 1688 :
366 1634 489 1689 Grandia
514 1653 549 1688 nc
575 1634 646 1693 riola
734 1651 781 1688 ra.
803 1637 938 1686 Antonium
960 1639 1115 1693 triumvirum.
1133 1630 1207 1698 Cios.

126 1735 207 1788 parvc
222 1713 405 1786 chrysendeta
419 1715 504 1768 mullo
520 1732 527 1766 :
542 1715 580 1766 Ut
595 1715 645 1768 mi·
689 1713 763 1767 runis
774 1712 887 1766 hostem.
902 1714 993 1768 Hann.

127 1797 230 1850 nimum
244 1796 328 1849 libras
339 1793 420 1847 dehet
430 1792 529 1846 hahere
538 1793 614 1847 duas.
629 1818 642 1844 ι
734 1793 778 1847 13.
790 1794 880 1845 Ama
890 1813 967 1848 mam.
979 1797 1207 1869 Subintelligeua·

125 1879 158 1930 Et
172 1877 223 1930 tib.
237 1876 284 1941 11,
303 1874 395 1945 Epigr.
408 1891 499 1927 asur:
519 1895 531 1917 ι
542 1875 645 1926 Immo·
689 1875 740 1938 sis,
749 1890 780 1925 ex
795 1872 1024 1929 antecedentibus.
1038 1878 1121 1931 H.—
1131 1879 1206 1937 Broc.

125 1955 178 2010 dici
198 1955 251 2009 tibi
269 1953 339 2008 flava
355 1966 449 2025 tegunt
467 1951 645 2025 chrysendeta
689 1970 722 2005 cx
735 1951 779 2004 ed·
790 1971 833 2024 pr.
847 1957 926 2006 carris
940 1973 1007 2008 usum
1020 1961 1097 2010 uasis.
1111 1958 1165 2011 En.

125 2036 212 2089 mulli.
222 2059 235 2082 ι
251 2034 344 2087 flattu.
733 2030 779 2090 tlt.
792 2033 822 2084 Iu
837 2035 945 2087 omuibus
954 2035 1061 2088 obscenis
1070 2037 1205 2097 desideriis.

166 2118 193 2171 8.
205 2114 320 2167 Deliciis,
334 2113 367 2165 ln
381 2129 461 2182 quam
476 2108 604 2166 delicatos
615 2132 645 2166 ac
690 2108 731 2162 sd
763 2130 868 2186 ornnes¹
886 2128 989 2167 natura
1020 2119 1205 2186 necessitates,

122 2197 187 2248 vites
200 2213 273 2247 nsua.
286 2194 380 2247 Hsan.
689 2189 762 2261 quod
777 2190 935 2261 pudendum
956 2194 984 2246 in
1003 2194 1145 2266 Cleopatra
1165 2200 1205 2255 fe·

166 2294 195 2345 9.
214 2273 309 2345 Quibus
319 2273 413 2325 deliciis
426 2283 528 2322 venerant
539 2284 588 2324 tam
604 2291 647 2326 att·
689 2271 761 2323 mina
778 2271 865 2336 toret,
878 2285 980 2344 quanto
991 2275 1074 2346 magia
1084 2277 1112 2328 in
1125 2278 1205 2332 viro?

124 2374 167 2408 raa
181 2373 254 2427 quam
266 2365 356 2406 aurata
375 2343 426 2420 (sic
441 2339 536 2422 prius).
551 2352 644 2421 Lego:
734 2352 778 2403 15.
802 2351 921 2404 Pudeado
943 2357 1050 2408 crimine.
1070 2355 1152 2419 Quod
1175 2371 1205 2415 st

128 2460 141 2482 ι
150 2434 252 2505 quibus
261 2431 367 2486 deliciis
378 2444 492 2484 veneunt
504 2442 556 2484 turn
571 2432 645 2484 inau·
689 2429 735 2482 ilic
752 2429 830 2496 iecit,
843 2429 877 2482 ad
891 2450 970 2502 quem
983 2433 1098 2487 Martini.
1113 2436 1161 2490 lib.
1173 2440 1204 2505 1,

124 2528 182 2570 rats
196 2532 277 2586 qnam
291 2530 389 2577 aurea,
407 2536 418 2557 ι
436 2530 468 2564 cx
483 2524 537 2565 vet.
552 2509 614 2564 cod.
688 2509 740 2579 Ep.
753 2528 862 2564 xxxvrrr
872 2513 1085 2567 :·Ventrisonns
1096 2516 1205 2587 misero,

168 2615 212 2650 ιο.
217 2593 372 2664 Spartanam.
382 2590 645 2644 anbatinentitcno·
688 2600 770 2642 necte
777 2588 870 2661 pudet,
880 2592 982 2662 excipis
991 2612 1071 2660 auro,
1080 2607 1130 2650 etc.
1145 2623 1157 2645 ι
1166 2600 1202 2655 Η,

123 2676 198 2729 mins
208 2675 372 2745 Spartacum
383 2669 644 2727 commendantium
733 2672 778 2722 16.
794 2670 941 2742 Cleopatra.
958 2672 1045 2727 Etiam
1060 2675 1088 2727 in
1104 2677 1204 2735 femina

124 2757 278 2828 Appianas,
299 2752 334 2807 de
350 2751 430 2805 Bellis
449 2751 529 2804 Citii.
549 2751 595 2806 lib.
615 2753 644 2818 1,
688 2746 846 2820 pudendum
858 2753 968 2806 crimen.
984 2755 1100 2825 Dignum
1114 2757 1204 2813 hnmi-

126 2831 645 2982 5⁸4⁴:tzrlff‘⁰„2”qh¹?⁰‘;¹2¹;0ttt
666 2894 668 2899 ·
687 2847 1108 2986 ἳιῗὲὲ.ι’ῗιῑιῖ“ῗί,”ἔζέξῗῗξῗῖ
1118 2838 1204 2975 ,Ἲῗῖ

125 3014 221 3050 aarum
238 3005 413 3064 argentumve
428 2991 456 3045 in
471 3004 555 3044 castra
569 2992 643 3046 invo-
687 3003 781 3060 potare
793 2988 870 3044 decet
883 3010 1001 3061 gemma,
1018 2996 1065 3065 qui
1080 2996 1201 3055 Mentora

127 3075 224 3131 heret:
242 3073 336 3128 necui
353 3089 463 3127 suorum
478 3072 645 3126 haberehunc
687 3070 841 3141 frangis,1n
856 3072 993 3142 scaphium
1010 3076 1132 3135 moecha,
1143 3079 1202 3135 Sar·

126 3156 239 3209 liceret:
252 3155 339 3208 solnm
354 3170 388 3207 tes
400 3153 555 3223 ferrumque
572 3169 645 3205 ems·
687 3147 831 3221 danapaie,
846 3162 907 3204 tua.
925 3173 936 3199 ι
952 3149 1008 3206 Hoc
1022 3166 1061 3207 est
1071 3191 1079 3217 ‚
1090 3157 1137 3226 qui
1151 3177 1202 3229 po.

126 3248 200 3301 rent,
216 3247 267 3288 etc.
285 3234 379 3290 Hann.
687 3230 747 3282 cula
759 3231 897 3282 Mentorea
910 3231 1051 3286 nobilitata
1065 3252 1158 3296 manu,
1172 3253 1202 3295 us

174 3333 220 3370 ιι.
245 3313 368 3382 Fugitiuis
387 3314 485 3364 nostris.
509 3309 643 3364 subintel·
687 3309 750 3362 alibi
770 3310 826 3371 uit,
841 3307 993 3380 diffringis,
1010 3324 1040 3365 nt
1061 3312 1125 3368 inde
1138 3336 1202 3373 ωῃ.

127 3394 186 3465 lige,
192 3411 274 3466 quam
283 3391 645 3459 civibus.AnnoUrhis68r,
686 3388 793 3442 finiatur
804 3390 915 3443 moeche
929 3403 981 3444 tuae
995 3394 1102 3447 matula.
1114 3392 1149 3451 Η.

127 3473 272 3546 Spartacus
290 3473 392 3543 aliique
412 3469 586 3542 gladiatores,
604 3469 644 3523 ef·
730 3487 775 3540 17.
798 3471 936 3539 Agnoncm.
955 3454 1009 3532 ὁςι
1034 3457 1137 3543 :aarum
1160 3476 1201 3530 τὸν

128 3555 211 3608 fracto
221 3554 321 3625 Capua
332 3552 398 3606 ludo
407 3551 531 3615 Lentuli,
541 3569 572 3603 ac
582 3568 643 3620 per·
685 3549 756 3606 Τήϊον
770 3551 885 3620 ἀργυροῦς
901 3554 924 3604 tr
939 3555 994 3613 ταῖς
1006 3556 1118 3622 κρηπῖσιν
1132 3556 1203 3619 ἥλους

127 3630 424 3703 ditornmhaudexigua
434 3632 544 3684 collecta
554 3649 645 3697 manu,
679 3631 775 3700 sorpsit.
800 3630 959 3684 Plutarchus
977 3632 1007 3684 in
1029 3631 1202 3700 Alexandro,

128 3715 264 3768 Romanos
274 3731 329 3765 non
343 3712 424 3766 semei
435 3710 562 3763 fuderunt
570 3728 646 3771 citer·
689 3728 715 3780 p.
726 3710 791 3763 688.
801 3709 844 3763 Sic
856 3713 934 3764 etiam
943 3711 1066 3764 Clemens
1073 3713 1203 3771 Alexand.

129 3795 219 3847 citus:
240 3810 272 3846 ac
287 3790 397 3846 tandem
411 3810 426 3844 a
440 3791 535 3844 Crasso
549 3801 646 3861 prato·
690 3788 796 3860 Padag.
818 3790 865 3842 lib.
885 3791 921 3842 11.
942 3789 1035 3842 Simila
1057 3803 1112 3858 est,
1129 3793 1205 3867 quod

130 3892 170 3938 re,
196 3888 225 3931 ct
250 3872 380 3943 Pompeio
404 3869 540 3943 profligati
569 3881 646 3935 sunt,
690 3867 725 3921 dc
746 3868 874 3922 Antiochi
897 3871 1013 3923 exercitu
1032 3888 1142 3929 narrant
1161 3877 1206 3932 hi-

130 3971 199 4008 annu
220 3953 290 4009 683.
310 3953 370 4006 Hoc
389 3951 485 4005 servile
501 3949 603 4003 bellum
620 3962 648 4003 et
687 3949 782 4019 ¹storici
798 3966 812 4019 ¹1
835 3948 883 4020 qui
908 3946 1016 4018 quidem
1035 3976 1046 3998 ι
1066 3971 1159 4027 magua
1173 3976 1208 4013 οι

130 4033 307 4107 fugitivorum
320 4031 538 4104 appellatum'est
550 4048 557 4084 :
570 4030 648 4102 cujus
691 4041 769 4099 parte
782 4023 874 4091 (rerba
888 4041 952 4082 sunt
964 4028 1067 4089 Valerii
1081 4033 1208 4101 Maximi)

1046 4130 1088 4215 4,
