2686 4816
391 369 547 438 uranu
577 373 764 441 xxxm.
804 340 832 381 ·“
1067 399 1112 470 27

68 523 160 570 ceaws
179 497 308 582 brusa,
324 514 359 569 et
383 497 455 594 lege
478 489 582 570 Jutia⁰
601 501 755 573 theatrali
775 506 809 571 in
833 504 915 573 xrv⁹
939 505 1112 578 ordinibus

67 605 184 675 sdendi.
201 608 321 675 Postea
334 608 496 702 gregatim
509 609 637 701 insigne
656 609 688 678 id
709 611 820 704 appeti
841 625 1007 704 coeptum:
1028 637 1110 707 pro·
1131 649 1146 678 ι

67 725 180 805 pterque
198 711 270 783 haec
289 711 480 782 discrimina
499 714 633 784 Caius¹⁰
654 718 808 810 princeps
826 716 993 786 decuriata
1013 721 1112 814 quin-

66 832 115 887 tant
132 817 250 912 adjecit
269 844 277 886 ε
299 832 496 913 tantumque
518 835 633 890 natum
655 837 706 891 cst
730 822 879 907 fastus¹¹‚
900 839 937 892 ut
957 850 1030 919 quae
1050 826 1112 895 sub

66 922 125 992 dito
137 927 285 1018 Augusto
302 924 432 1020 impleri
446 951 513 995 non
527 942 705 1020 potuerant
718 928 880 1015 decuriae,
899 955 966 999 uon
980 934 1113 1025 capiant

67 1054 122 1099 eun
138 1030 287 1101 ordinem
298 1029 334 1117 ¹¹,
355 1034 545 1128 passimque
567 1033 609 1104 ad
624 1049 819 1104 ornamenta
835 1022 904 1105 ca¹³
923 1038 1024 1106 etiam
1042 1063 1113 1108 ser·-

67 1247 131 1304 possa
158 1233 271 1289 domiuo
309 1232 438 1305 plaudere
469 1237 553 1305 justus
637 1239 663 1290 8.
680 1237 718 1289 Et
728 1238 781 1306 Iege
794 1237 872 1290 Jriliu.
885 1240 925 1291 De
936 1239 995 1309 loge
1006 1239 1125 1304 lloscis,¹

67 1330 149 1384 eques.»
168 1314 201 1367 Et
215 1314 263 1366 lib.
273 1313 309 1377 V,
324 1311 415 1384 Epigr.
435 1333 508 1375 xavr,
518 1313 551 1369 de
595 1335 647 1387 qua
657 1318 823 1369 statuebatur
836 1319 880 1388 qui
891 1317 1109 1388 juslaabereutiu

67 1392 213 1447 Cbsrotnto
231 1392 347 1464 expulso
370 1411 406 1445 ex
424 1407 551 1465 quatuor·
595 1395 796 1465 quatuordecim
822 1394 962 1449 ordinibus
984 1397 1110 1460 sedendi,

68 1470 130 1526 deu'ns
144 1473 289 1537 subselliis,
309 1485 421 1544 propter
438 1487 552 1544 pauper·
595 1474 712 1528 diximus
726 1475 833 1528 abunde
847 1477 894 1530 lib.
905 1478 970 1539 vlt,
985 1496 1043 1548 cap.
1062 1479 1109 1532 31.

67 1564 146 1610 utem:
173 1550 398 1624 ·Quutringenta
422 1553 469 1605 tibi
497 1571 552 1607 noa
595 1555 665 1626 Lege
679 1555 746 1607 Julii
760 1557 931 1622 Cesaris,ut
944 1556 1051 1629 quidem
1066 1575 1110 1613 re·

66 1646 117 1696 suat,
129 1632 314 1694 Cbarestrate,
333 1649 429 1702 surge:
446 1633 552 1686 Lectius
595 1653 665 1698 mur,
686 1653 763 1706 prena
786 1647 883 1688 statuta
904 1636 935 1688 iis
956 1636 1002 1708 qui
1018 1650 1109 1689 contra

67 1714 179 1765 ereerenit
192 1734 198 1764 τ
209 1712 347 1784 staduge,
357 1729 437 1764 curre
448 1752 456 1777 ,
469 1712 548 1765 late.»
594 1713 731 1768 auderent.
753 1715 830 1767 Poena
846 1716 981 1768 theatralis
994 1716 1052 1768 lrsec
1063 1735 1112 1788 ap·

66 1788 215 1846 Srdomuiuo
227 1792 320 1846 lestire
334 1791 441 1845 luditin
454 1792 553 1844 Callio-
594 1795 691 1865 pellata
712 1794 784 1864 apud
803 1795 990 1866 Tranquillum
1009 1797 1036 1848 in
1057 1799 1111 1849 Au·

65 1867 137 1925 dorum
146 1870 306 1944 quemdam,
320 1891 399 1943 quem
410 1884 486 1942 neg-tt
497 1891 552 1926 esse
593 1885 683 1945 gusto,
705 1892 763 1945 cap.
777 1893 819 1928 su.
836 1875 871 1927 Η.
889 1907 927 1918 -
944 1876 1009 1947 Lege
1029 1876 1111 1929 lulio.

65 1950 169 2021 quirem,
183 1952 262 2005 bunis
275 1970 335 2004 cum
349 1950 430 2003 fratre
444 1950 551 2015 divisis,
595 1955 634 2006 De
650 1954 698 2006 lsac
716 1954 772 2024 lege
788 1967 814 2006 et
832 1955 858 2006 in
878 1967 992 2025 qrmtuor
1009 1955 1110 2009 ordini·

64 2027 105 2091 lV.
119 2031 208 2101 Epigr.
225 2048 320 2085 xxxrsr
335 2052 341 2082 :
362 2057 373 2077 ι
383 2030 552 2085 Calliodorus
593 2034 643 2085 bus
658 2031 767 2085 sedendi
781 2036 840 2101 jure
852 2034 933 2087 multa
946 2033 1062 2088 diximus
1072 2033 1107 2088 ud

64 2107 255 2175 balsamorum,
273 2111 333 2181 qrsis
350 2110 456 2164 nescit?
472 2131 551 2182 eque·
593 2113 656 2167 Tac.
670 2113 765 2167 Aunsl.
781 2115 842 2176 XV,
856 2113 901 2166 32.
917 2116 999 2167 Bitor.

63 2199 136 2253 meur,
148 2191 228 2244 Sexte
241 2208 248 2242 :
264 2188 310 2242 sed
326 2202 351 2242 et
367 2190 475 2243 fratrem
490 2192 551 2244 Cal·
635 2213 663 2262 9.
685 2195 714 2244 In
726 2192 800 2245 XIV
808 2193 941 2246 ordinibus.
953 2195 983 2246 L.
999 2195 1110 2246 Roscius

63 2265 158 2323 ludum
166 2268 464 2340 babetQuadringenta
472 2285 551 2335 secat,
595 2273 655 2324 trib.
666 2273 736 2342 pleb.
751 2272 835 2343 legem
850 2274 909 2325 tulit
920 2315 926 2334 ,
936 2287 964 2325 ut
975 2273 1110 2344 equitibus

63 2347 93 2417 qai
109 2347 173 2404 diets
189 2356 256 2404 σῦκα
272 2351 362 2420 pipeti.
379 2350 444 2401 Uuo
465 2350 553 2403 credis
594 2353 712 2403 romanis
732 2353 759 2402 in
779 2353 883 2403 theatro
903 2351 1108 2421 quatuordecim

63 2444 194 2500 tqtroposse
206 2427 299 2482 sedere
310 2428 396 2481 duos?
407 2429 478 2493 Quid
490 2449 551 2482 rum
595 2430 692 2502 gradus
708 2431 785 2500 primi
799 2432 1004 2501 assignarentur.
1021 2433 1089 2484 Dss..

10 2544 12 2549 .
62 2505 353 2580 batretibii'quidcum
370 2508 475 2562 Polluce
495 2528 552 2561 mo-
638 2528 678 2562 ιο.
695 2511 779 2563 Cuius.
792 2511 879 2575 Quem
893 2512 1040 2580 Caligulam
1053 2513 1111 2564 rul-

61 2582 126 2642 leto?
150 2590 212 2644 Non
235 2602 302 2641 esset
327 2588 419 2640 Pullus
443 2589 465 2641 si
488 2589 551 2652 tibi,
595 2608 629 2660 go
646 2603 740 2642 vocant
755 2609 762 2642 z
777 2589 876 2662 dequo
888 2591 996 2643 Sueton.
1008 2611 1032 2645 c.
1048 2610 1109 2644 xrs:

62 2664 209 2724 Cutoreras.
223 2669 475 2740 Uuns,quumsitis;
488 2668 553 2734 duo,
600 2670 653 2721 .Ur
665 2669 747 2721 terior
759 2671 835 2723 labor
846 2670 1028 2740 judicantibus
1042 2671 1111 2724 loret

62 2741 202 2814 Calliodore,
213 2747 310 2802 saletis
325 2766 332 2800 :
348 2747 443 2818 Surge,
453 2748 556 2801 soloeei·
595 2747 629 2801 ad
644 2761 761 2820 quatuor
773 2752 876 2819 priores
893 2752 1012 2820 quintam
1029 2750 1111 2804 decu·

60 2827 551 2893 num,csttiodure,tseis.Aurini·
596 2828 661 2880 riam
694 2827 830 2882 addidit.»
859 2830 944 2883 Vetus
970 2831 1112 2902 inscriptio

59 2915 96 2960 bre
109 2928 193 2979 genus
208 2907 306 2961 ledae:
329 2920 375 2960 sut
392 2925 453 2960 curu
470 2908 552 2961 fratre
595 2907 668 2977 apud
681 2909 849 2972 lleinesiura,
863 2928 921 2979 pag.
941 2914 1006 2972 inti.
1024 2930 1110 2964 srurc.

57 2984 129 3042 *dere
152 2990 214 3042 Non
231 3001 330 3060 potes:
350 2987 473 3047 alteruis,
492 2987 551 3040 cat·
596 3007 640 3040 us.
661 3006 686 3041 v.
710 3007 773 3042 nuc.
797 2992 830 3042 Et
849 2988 921 3058 apud
946 2990 1110 3053 Gruterum,

56 3063 238 3133 bromstede.
252 3094 263 3116 ι
279 3069 315 3120 Ea
331 3086 412 3138 porro
423 3065 550 3138 quadriu·
598 3087 657 3140 pag.
679 3069 753 3136 659,
772 3087 869 3122 srnrcr.
888 3088 1012 3123 susurro.
1026 3089 1070 3122 ux.
1085 3091 1112 3123 r.

54 3161 114 3214 stata
122 3150 243 3203 mertia
257 3146 328 3200 idem
340 3146 428 3199 valere
441 3165 472 3199 ac
487 3165 551 3216 qus·
596 3166 659 3200 usu.
675 3149 709 3202 ll.
721 3168 745 3202 e.
758 3168 806 3201 -ex
816 3150 910 3220 quinta
923 3149 1039 3203 decuria.
1051 3176 1061 3197 ι
1074 3149 1108 3202 Η.

53 3221 177 3301 dispens
186 3229 336 3283 sestertium
348 3227 440 3289 suillis,
451 3227 552 3279 Plinius
640 3247 686 3281 ιι.
707 3230 857 3300 Tantumque
876 3239 959 3282 nutum
973 3241 1010 3281 est
1016 3230 1110 3297 fustus.

52 3303 135 3363 luuior
148 3307 347 3371 admouet‚lib.
359 3307 385 3362 l.
401 3307 478 3377 epist.
492 3325 525 3374 ¹9
542 3325 549 3359 τ
596 3307 680 3359 Aliter
697 3308 725 3360 in
748 3310 837 3379 Repo
858 3309 919 3363 cod.
936 3323 961 3363 et
978 3309 1069 3363 cuitu.
1085 3323 1113 3364 et

54 3386 130 3443 «tue
142 3402 233 3443 autern
246 3388 293 3442 tibi
309 3399 416 3439 centurn
435 3386 550 3439 millium
595 3387 737 3451 sincerius,
759 3400 789 3440 ut
809 3388 924 3441 arbitror
941 3407 948 3442 :
969 3415 980 3437 ι
995 3401 1112 3441 tanturn-

51 3481 147 3522 ttusum
168 3469 233 3522 satis
252 3466 367 3529 indicat,
384 3464 457 3537 quod
478 3464 550 3537 apud
595 3485 647 3537 quo
666 3481 773 3520 enatum
791 3480 828 3521 est
849 3468 941 3534 fortis,
961 3494 972 3515 ι
991 3468 1043 3520 lroc
1056 3481 1112 3532 est,

49 3562 88 3600 sus
107 3547 221 3602 decurio
241 3565 291 3600 est
311 3547 393 3617 igitur
407 3559 436 3598 ut
453 3559 478 3598 te
495 3564 550 3599 non
595 3547 709 3599 fortunae
727 3567 757 3600 ac
773 3548 915 3602 felicitatis.
928 3549 999 3601 llino
1012 3561 1113 3600 veteres

48 3622 183 3682 decurione
213 3627 317 3688 solurn,
346 3644 439 3678 verum
470 3629 550 3679 etiam
595 3627 1113 3698 inscriptiones‚ronrusaunosrisll.

47 3709 126 3775 equite
139 3725 253 3761 romano
270 3706 449 3776 perfruamur.
467 3707 551 3758 allero
639 3725 684 3760 ra.
709 3707 765 3760 Non
791 3712 888 3778 capiunt
915 3727 968 3759 euns
991 3707 1111 3758 ordinent.

47 3785 86 3839 u‘ti
101 3786 136 3841 sd
157 3785 309 3860 implendas
327 3785 424 3856 equitis
442 3785 553 3838 laculta·
596 3785 697 3839 *Nunc
717 3788 821 3858 capiunt
844 3806 906 3840 euin
922 3785 1035 3850 ordine,
1054 3811 1065 3833 ι
1084 3788 1113 3840 in

47 3876 91 3932 tes,
107 3881 225 3922 ments
242 3866 325 3919 millia
340 3866 551 3918 nummum-ll.
596 3879 714 3920 vestusta
729 3867 830 3921 codice.
846 3868 925 3920 Prnr.

46 3974 80 3987 ·-
92 3946 294 4020 Quadringenta
307 3944 454 3999 sestertium
470 3945 553 3998 millis
642 3946 686 3998 ¹3.
705 3948 751 3999 Ad
762 3959 947 4000 ornamentum.
964 3947 1004 4000 Art
1019 3947 1113 4003 anulos

45 4039 137 4080 nostras
147 4038 211 4079 suut
223 4038 336 4081 moneta
347 4026 365 4077 l.
380 4026 553 4096 77‚8rd.1lu.
599 4045 694 4079 aureos
704 4066 711 4090 ,
722 4027 820 4098 quibus
835 4027 924 4080 liberti
941 4026 1113 4080 donabantur
