2686 4816
404 338 558 407 mour
587 340 779 408 xxxur.
1052 290 1055 294 ’
1091 361 1126 406 ιι
1176 377 1178 380 <

77 473 193 566 eapitur.
212 471 273 538 Est
295 468 429 563 quidem
450 471 539 565 apud
562 471 716 542 eumdem
739 455 958 539 Homerum³¹
982 472 1129 565 virorum

76 576 200 645 minibus
224 600 344 645 aurum
363 575 544 672 implexum
568 577 671 647 :ideo
688 578 800 647 nescio
825 599 867 679 an
891 575 984 669 prior
1004 601 1082 647 usus
1109 603 1128 645 s

75 683 184 753 feminis
204 683 350 775 coeperit.
862 678 866 684 ’

116 792 149 856 V.
184 791 302 858 Romae
322 814 365 858 ne
390 788 454 858 fuit
473 789 606 884 quidem
632 815 751 860 aurum
774 790 835 859 nisi
857 788 1038 858 admodum
1060 792 1124 858 exi·
1149 826 1160 858 ι

72 919 171 989 guum,
183 893 287 989 longo
298 910 461 990 tempore.
472 901 681 991 Certequum
697 921 716 965 a
733 895 940 990 Galliscapta
952 896 1047 965 Urbe
1061 919 1125 991 pas

71 1016 236 1087 erneretur,
260 1027 329 1071 non
359 1001 434 1096 pius
459 1027 558 1097 quam
588 1003 676 1072 mille
707 1002 819 1098 pondo
848 1017 988 1098 potuere
1000 1000 1019 1070 ¹.
1054 1004 1127 1072 Nec

67 1109 167 1202 ignoro
183 1108 253 1177 duo
271 1107 372 1177 miliia
383 1109 496 1204 pondo
512 1108 600 1178 auri'
623 1113 746 1204 perisse
762 1111 910 1203 Pompeii
927 1109 1028 1179 tertio
1046 1133 1126 1179 oon·

67 1288 127 1358 prius
141 1287 268 1353 dixisset,
290 1289 377 1342 Iliacis
400 1290 566 1361 temporibus
611 1309 689 1343 suurn
715 1289 897 1356 venditantes,
928 1287 1012 1360 idque
1038 1291 1125 1360 ipsum
1221 1335 1224 1344 Α

64 1370 142 1421 mulos
156 1369 237 1421 luisse
253 1368 361 1431 nullos,
372 1387 470 1440 eoaque
484 1370 566 1422 abeo
612 1388 661 1441 per
686 1370 868 1426 insolentiam.
900 1381 954 1422 ete.
976 1394 987 1416 s
1016 1368 1126 1432 Livius.

64 1447 436 1520 qoiprisnusiureuit,maoui
448 1451 564 1519 primum
609 1450 657 1502 lib.
674 1452 712 1512 V,
735 1469 794 1520 cap.
814 1453 871 1514 All-2
890 1476 901 1496 ι
918 1450 992 1501 luter
1012 1451 1047 1513 Q.
1065 1448 1125 1503 snt-

63 1526 123 1582 lm
143 1529 272 1591 insertor,
294 1527 364 1580 iorte
382 1527 455 1600 quod
472 1528 564 1582 dextra
608 1531 709 1602 picium
720 1530 857 1582 tribunum
871 1529 1034 1592 militum‚et
1045 1530 1126 1593 Bren-

60 1607 139 1660 lnisset
153 1605 191 1660 ad
204 1607 297 1660 munia
315 1624 361 1661 sua
375 1607 498 1661 obeunda
513 1610 564 1661 im·
608 1629 674 1663 num
691 1610 813 1680 regulum
829 1609 967 1662 Gallorum
985 1609 1124 1680 colloquio

59 1687 179 1757 peditior,
210 1685 276 1740 inde
303 1687 404 1758 colligit
437 1689 563 1742 seriorem
609 1702 740 1743 transacta
760 1703 872 1754 resset,
892 1701 919 1740 et
941 1680 1014 1741 mille
1031 1688 1123 1759 pondo

58 1785 124 1827 tunm
141 1768 288 1821 anulorum
311 1767 405 1831 fuisse,
430 1770 484 1822 lroc
510 1783 564 1832 est,
608 1769 669 1822 auri
686 1770 802 1841 pretium
822 1768 913 1839 populi
924 1769 1049 1838 gentibus
1061 1788 1122 1823 mos

57 1847 196 1917 postliisca
210 1859 331 1917 tempora
344 1846 426 1900 modo
440 1849 563 1918 coepisse,
608 1849 765 1919 imperaturi
776 1850 905 1902 factum...
913 1850 967 1918 jam
980 1861 1040 1901 unte
1050 1848 1078 1901 in
1089 1867 1122 1903 eo

56 1925 119 1998 qnod
142 1940 201 1981 tum
225 1928 253 1979 in
271 1927 337 1981 lreva
351 1931 436 1997 majus
452 1927 564 1998 impedi·
607 1931 702 2000 religio
720 1929 833 1984 civitatis
850 1942 1026 1999 apparuerat,
1048 1927 1122 2001 qood

56 2021 166 2061 neotum
177 2009 262 2071 foret,
274 2025 327 2078 qua
339 2023 564 2079 scutumcapere-
606 2029 690 2081 quum
712 2011 739 2062 iu
762 2009 872 2081 publico
891 2006 994 2061 deesset
1010 2027 1121 2071 aurum.

55 2098 101 2142 tnr.
118 2087 195 2140 Nihil
213 2089 328 2158 planius.
350 2088 464 2159 Subjicit
479 2107 562 2159 porro
608 2108 638 2141 ex
654 2110 709 2162 quo
719 2109 822 2143 summa
832 2101 914 2158 pectre
924 2087 1122 2142 mercedisGsl·

55 2165 165 2236 idquod
179 2168 561 2235 interpretationem'nostram
607 2169 640 2222 iis
651 2170 792 2231 confieret,
815 2189 828 2222 s
848 2169 974 2221 matronis
992 2169 1119 2221 collatum

55 2247 205 2300 oonlirmat:
217 2273 228 2293 ο
238 2247 284 2300 Fu
294 2247 482 2319 quidemapud
492 2268 564 2302 eum·
607 2263 779 2322 acceperant,
796 2263 824 2301 ut
839 2267 913 2300 sacro
928 2267 995 2300 auro
1006 2249 1120 2301 abstine·

55 2324 108 2380 dem
129 2328 280 2380 Homerum
303 2329 422 2380 virorum
445 2330 563 2382 crinibus
607 2342 717 2382 retun-
733 2330 823 2381 Hsno.

54 2423 141 2459 rurum
156 2407 304 2477 implexum
320 2425 326 2458 :
345 2406 405 2460 ideo
421 2410 510 2461 nescio
529 2428 561 2461 an
649 2429 675 2460 ι.
699 2411 751 2460 Nec
770 2412 856 2476 ignoro
872 2408 920 2458 dcco
943 2407 1020 2458 millia
1039 2410 1121 2479 pondo

55 2486 123 2555 prior
135 2486 340 2539 neusafeminis
349 2489 562 2559 eoeperit-Prio·
606 2491 662 2539 ruri
684 2492 793 2554 perisse,
828 2488 938 2557 Pompeii
967 2490 1036 2538 tertio
1062 2508 1119 2540 ron-

55 2584 104 2619 rem
121 2584 200 2619 usum
217 2565 311 2618 seriori
331 2569 452 2638 opponit.
467 2567 559 2621 Hsuo.
605 2568 694 2620 sulatu.
710 2566 759 2619 Hic
774 2568 876 2619 variant
887 2565 1010 2632 codices,
1020 2566 1067 2620 sed
1082 2570 1121 2620 vi·

90 2647 562 2717 ludetqudemapudeumdem110·
606 2647 679 2710 tutti,
706 2660 736 2700 ut
761 2661 886 2718 suppuret,
914 2649 1118 2701 amanuensium

57 2744 146 2778 urum.
158 2724 237 2779 Iliad.
249 2733 284 2789 P,
296 2745 364 2779 vers.
380 2729 414 2780 52
431 2747 438 2779 z
451 2727 561 2797 Πλοχμιῖ
605 2725 825 2781 auteruditorum
835 2728 1051 2797 interpolatione.
1059 2729 1119 2780 Pro·

53 2809 79 2868 l’,
92 2807 204 2877 οἶῑρυσῷ
216 2826 243 2858 τι
253 2807 294 2858 καὶ
304 2808 398 2877 ἀργύρῳ
411 2808 561 2877 ἐσφήκωντο.
605 2807 665 2877 pius
675 2807 749 2860 abest
765 2827 779 2860 a
795 2808 910 2877 genuina
925 2807 1038 2860 lectione
1053 2809 1118 2881 Reg.

55 2884 109 2939 ·Et
124 2887 212 2938 erines
228 2887 364 2958 rutiloque
376 2905 560 2958 auro‚argen·
608 2904 621 2937 a
648 2886 749 2946 codex,
785 2887 813 2939 in
832 2906 888 2959 quo
906 2887 1012 3018 impar,
1036 2914 1047 2934 ι
1065 2889 1120 2941 Nec

54 2976 129 3035 toque
139 2965 262 3019 revincti.
279 2992 289 3013 ι
304 2967 396 3019 Ηιιο.
604 2966 700 3039 ignom
715 2967 770 3019 duo
786 2966 868 3018 millia
890 2988 943 3035 pou
965 2987 982 3019 o
1002 2968 1059 3020 auri
1079 2987 1118 3020 re·

89 3043 124 3100 li.
139 3064 164 3098 1.
179 3046 237 3098 Non
251 3047 389 3117 plusquam
404 3048 470 3099 nrille
478 3047 561 3117 pondo
603 3048 704 3116 perisse
716 3048 931 3117 Pompeiillllto
943 3048 1112 3100 consulatu·
1149 3084 1151 3088 ι

51 3137 151 3191 potuere.
174 3125 365 3196 subintellige,
383 3146 480 3180 emere.
494 3127 560 3178 Nam
606 3129 640 3178 At
654 3127 821 3179 consulatum
839 3127 981 3197 Pompeius
996 3142 1118 3199 quartum

52 3204 122 3274 quod
141 3204 205 3258 iibri
223 3205 323 3275 vulgati
336 3205 467 3276 adjiciunt
481 3206 560 3275 effici,
604 3224 751 3276 numquam
765 3205 864 3275 gessit:
884 3210 996 3275 reperisse
1011 3226 1060 3280 pro
1077 3227 1119 3259 ra·

52 3298 79 3335 ex
89 3285 312 3354 interpolatorum
321 3286 430 3339 officina
442 3299 489 3348 est,
504 3306 559 3339 nou
601 3289 683 3355 puisse
697 3285 808 3356 proclivi
826 3287 1027 3339 amanuensium
1045 3287 1117 3356 lapsu

52 3380 80 3416 es
92 3365 173 3418 Plinii
188 3367 331 3436 stylo‚aut
346 3365 469 3418 codicum
483 3366 559 3420 MSS.
605 3366 768 3428 confictum,
788 3384 819 3418 ex
840 3366 1000 3437 repetitione
1017 3379 1119 3435 postre—

52 3441 109 3496 fide.
121 3445 256 3498 Plutarch.
267 3444 471 3519 inCamillo,p.
489 3446 559 3510 143:
605 3465 656 3498 mre
684 3446 793 3517 syllabae
823 3447 894 3499 vocis
922 3445 1116 3516 precedentis,

52 3512 195 3596 iipsteffln
213 3530 269 3586 τοὺς
283 3524 327 3595 μὲν
344 3514 468 3596 l’upsisoe
482 3529 561 3592 χιλίας
607 3530 669 3578 auri.
680 3526 759 3579 Coib.
773 3527 798 3585 3,
815 3539 840 3577 et
849 3545 957 3578 romnus
965 3525 1026 3576 anni
1039 3532 1120 3595 1470,

50 3605 129 3675 λίτρας
148 3605 300 3658 savadelli*
319 3612 418 3673 χρυσοῦ.
439 3606 562 3659 *Tmus-
606 3624 636 3658 ao
650 3607 787 3660 Parmeno.
799 3605 863 3658 edit.
881 3606 960 3657 uNeo
972 3605 1066 3674 ignoro
1080 3606 1120 3659 nt.
1219 3615 1222 3620 '

51 3696 136 3737 sotum
153 3698 192 3737 ert
209 3698 236 3737 ut
257 3685 371 3737 Romani
386 3685 458 3738 mille
471 3685 562 3757 pondo
607 3686 729 3738 Crassum
745 3685 801 3738 duo
813 3686 897 3738 millio
909 3682 1000 3756 pondo
1014 3685 1120 3738 aurire·

53 3764 105 3815 suri
115 3763 218 3817 darent.
228 3792 239 3810 ι
258 3765 368 3828 Florus,
383 3765 430 3820 tib.
441 3768 464 3830 Ι,
476 3785 500 3818 o.
517 3766 562 3830 13,
607 3765 695 3837 puisse
711 3785 759 3818 suo
782 3779 809 3819 et
830 3765 949 3835 Pompeii
965 3765 1044 3817 tortio
1056 3783 1120 3818 oon-

55 3861 108 3914 μς.
127 3861 185 3911 29:
207 3844 399 3910 «Novissime,
415 3848 561 3918 quumjam
607 3846 731 3898 sulem.-
758 3846 841 3898 Error
863 3846 889 3896 in
909 3863 939 3896 re
959 3845 1121 3917 chronogra-

55 3922 154 3977 oludo
167 3942 214 3975 sun
230 3925 356 3978 barbaros
371 3932 376 3981 ·,’
383 3925 489 3986 Gallos)
502 3928 560 3994 iati-
606 3925 686 3994 pbicn
698 3926 843 3994 utrobique
858 3923 929 3977 haud
944 3927 1007 3977 levis
1019 3947 1024 3976 :
1037 3945 1122 3997 neque

53 4017 145 4069 puel,
159 4004 233 4057 mille
247 4003 407 4074 pondoauri
429 4024 560 4060 recessum
606 4006 677 4058 enim
697 4006 805 4070 tertius,
827 4003 872 4057 sed
894 4004 1024 4057 secundus
1044 4005 1123 4057 Pom-
