2686 4816
127 341 173 426 34
401 340 439 407 C.
465 337 634 408 PLINII
659 338 768 409 NAT.
794 334 927 403 HIST.

125 474 300 573 digitisque
316 472 410 552 totis,
424 468 511 542 collo
522 471 698 560 ,auribus,
714 469 831 565 spiris:
823 464 1066 551 .diseurrant¹⁰
1071 480 1197 538 catena

126 605 216 654 circa
227 579 349 666 latera
366 592 399 646 et
408 576 542 648 inserta
548 576 824 698 ‘margaritarum
840 574 1022 670 ponderas
1038 571 1127 643 collo
1141 574 1198 643 do³

128 691 293 759 minarum
313 707 397 754 auro
414 684 601 779 pendeant,
613 699 651 755 ut
669 686 702 755 in
718 709 835 755 somno
850 679 1002 776 quoque¹
1006 678 1198 750 'unionum

127 793 329 865 conscientia
350 791 460 860 adsit:
479 793 621 860 etiamne
634 775 803 886 pedibus¹³
822 788 982 876 induitur,
997 800 1098 881 atque
1112 788 1199 856 inter

128 886 279 972 stolam¹
300 897 497 993 plebemque
522 897 613 968 huno
633 897 780 966 medium
798 895 998 965 feminarum
1010 908 1199 988 equestrem

129 1008 279 1079 ordinem
297 1002 398 1074 faciti
409 1005 635 1074 Honestius
602 1028 665 1072 urn
658 1000 897 1099 paedagogiis¹
901 986 955 1073 ‘id
966 1000 1101 1071 damus.
1092 999 1200 1069 ·bali·

130 1136 274 1208 neasque
285 1095 420 1180 ¹⁶dives
453 1135 635 1205 puerorum
668 1110 776 1180 forma
806 1109 981 1180 convertit.
1014 1111 1088 1177 lam
1119 1130 1201 1177 vero

135 1287 244 1344 latusin
256 1285 395 1359 publicum
404 1285 566 1357 processit,
554 1299 644 1340 »teste
687 1306 782 1340 aurum
805 1285 934 1358 compede
957 1298 1085 1359 gestatum
1110 1284 1204 1341 distin-

133 1364 644 1440 Tranquillotffltusdeinde,etaliill.
687 1369 786 1438 guebat
804 1367 941 1421 libertinas
959 1378 1016 1419 tum
1040 1384 1054 1418 a
1075 1367 1160 1434 stola,
1172 1367 1203 1421 id

176 1468 220 1502 ιο.
240 1448 389 1499 Discurrunt
408 1460 509 1499 catena.
532 1446 646 1517 Cingula
689 1459 742 1510 est,
769 1446 897 1500 matronis
928 1445 1064 1508 honestis,
1098 1457 1159 1499 tum
1188 1464 1204 1501 a

137 1547 168 1583 ex
184 1546 249 1581 auro
262 1525 395 1596 intelligit.
410 1526 503 1579 illan.
688 1526 766 1598 plebe
774 1526 968 1598 inopetitaque
980 1523 1102 1578 medium
1112 1544 1206 1597 quem-

177 1627 224 1662 ιι.
238 1607 276 1660 Et
285 1610 373 1658 inserta
387 1609 575 1676 margaritarum
585 1623 648 1676 pan·
690 1604 752 1658 dam
771 1617 796 1658 et
816 1605 899 1658 veluti
926 1617 1076 1678 equestrem
1095 1605 1206 1659 femina·

135 1688 194 1740 dara
216 1707 230 1738 s
254 1686 316 1738 callo
335 1685 485 1738 dominarum
508 1705 568 1736 aare
587 1704 648 1755 pen·
689 1704 749 1739 rum
760 1683 882 1738 ordinem
892 1685 1013 1739 iaciebat.
1023 1686 1095 1739 care
1103 1685 1206 1739 calceo·

135 1768 224 1832 deant,
241 1777 270 1818 ut
287 1768 312 1817 in
327 1784 410 1816 somno
427 1784 518 1837 quoque
535 1767 647 1816 namnam
690 1782 753 1818 rum
761 1776 885 1818 ornatum
895 1765 959 1818 hinc
968 1764 1075 1834 colligas
1087 1764 1117 1817 in
1128 1764 1206 1819 femi·

135 1849 279 1901 comcientin
301 1843 374 1896 adsit.
399 1843 431 1896 In
454 1846 518 1916 Reg.
546 1863 559 1896 a
585 1841 646 1897 cod.
690 1846 732 1898 nis
747 1843 876 1916 equestris
890 1843 992 1897 ordinis
1008 1844 1081 1897 bunc
1096 1844 1204 1898 fuisse:

139 1939 166 1979 ut
180 1931 206 1979 in
221 1942 313 1988 somno,
324 1923 405 1976 unius
419 1923 545 1976 litterulae
555 1921 649 1977 discri-
691 1944 746 1977 non
766 1943 796 1976 ea
813 1923 894 1976 Plinii
913 1922 1042 1977 sententis
1063 1936 1123 1978 estt
1143 1942 1206 1978 nam

136 2006 221 2073 mine,
238 2003 284 2058 sed
296 2021 386 2056 errore
400 2002 510 2055 minime
525 2004 649 2056 obscuro.
691 2004 820 2076 equestris
833 2002 935 2057 ordinis
953 2015 1081 2056 matrona
1099 2015 1128 2057 et
1142 2005 1206 2076 ipsas

138 2084 211 2149 Atii,
225 2111 237 2132 ι
252 2096 283 2136 ut
302 2083 330 2134 in
342 2100 435 2135 somno
447 2101 569 2155 quoque,
580 2095 646 2136 etc·
692 2085 771 2155 longa
784 2097 870 2148 veste,
889 2084 1012 2151 hocerat,
1028 2083 1095 2136 stola
1107 2097 1207 2138 matro·

138 2165 173 2218 Et
188 2163 279 2236 prius,
306 2161 426 2216 uinserta
448 2162 650 2233 margaritarum
694 2166 746 2217 nali
760 2183 823 2216 usar.
838 2163 876 2217 At
890 2162 1036 2228 libertina,
1055 2164 1208 2236 quibusque

138 2241 276 2315 pondera,
289 2266 301 2289 ι
317 2242 416 2295 habent
429 2243 509 2314 MSS.
520 2260 612 2295 omnes
625 2255 652 2295 et
694 2245 786 2297 Venus
800 2262 856 2296 non
873 2243 1054 2313 impermissa,
1070 2261 1156 2314 quum
1169 2244 1208 2298 al·

138 2336 248 2378 vetusta
262 2321 409 2386 editiones3
427 2341 498 2387 non,
515 2334 546 2374 ut
564 2320 651 2375 codex
694 2323 747 2376 tius
771 2323 872 2378 tunicas
900 2323 1101 2394 succingerent,
1122 2335 1155 2377 ut
1176 2343 1209 2378 ex

138 2402 256 2457 Pintiani
277 2401 453 2471 interpolatus
473 2402 569 2467 habet,
595 2427 606 2450 ι
622 2402 652 2454 in
695 2401 796 2455 Ovidio
811 2415 838 2455 et
851 2402 909 2455 aliis
919 2403 1097 2474 scriptoribus
1107 2402 1210 2476 liquet,

140 2495 241 2536 secreto
272 2481 474 2551 margaritarum
501 2481 617 2547 sacculi3
637 2507 648 2528 ι
694 2480 775 2554 pedes
793 2482 901 2535 circulis
921 2482 1009 2535 aureis
1023 2483 1107 2535 cultos
1119 2496 1209 2536 osten-

142 2579 201 2633 quae
223 2572 428 2632 postremavox
449 2559 591 2628 glossema*
599 2572 652 2625 est,
693 2562 795 2626 tabant.
817 2562 859 2614 Ita
876 2563 979 2632 egregie
1000 2561 1155 2628 terrarius,
1175 2561 1209 2616 de

141 2641 202 2693 loon
215 2638 289 2692 vocis
301 2637 481 2709 primigeniae,
490 2639 608 2709 pondera.
618 2640 652 2691 Η.
696 2642 735 2693 lte
745 2643 815 2694 Vest.
826 2641 872 2693 lib.
887 2642 945 2706 111,
960 2661 983 2694 e.
995 2659 1039 2712 ¹7¹
1053 2660 1079 2712 p.
1094 2661 1159 2712 ²²7·
1173 2641 1208 2696 Η.

141 2752 182 2763 --
191 2720 231 2771 Et
240 2722 329 2770 inserta
340 2721 527 2787 margaritarum
535 2719 653 2789 pondera.
739 2721 781 2774 15.
792 2720 957 2791 Paedagngiis.
975 2721 1125 2774 Puerorum
1143 2720 1210 2774 edu·

142 2800 216 2852 Brot.
233 2817 265 2851 ex
279 2797 356 2850 MSS.
373 2799 456 2868 Regg.
473 2820 503 2857 a,
518 2798 533 2850 3
547 2836 555 2865 ,
569 2812 596 2851 et
611 2797 653 2851 ed.
697 2799 795 2853 cationi
814 2818 821 2852 :
840 2801 887 2872 qni
904 2800 989 2853 bullas
1004 2819 1097 2855 aureas
1112 2802 1210 2855 ecollo

142 2878 283 2950 principe,
303 2903 314 2924 ι
330 2888 356 2929 et
370 2878 398 2929 in
412 2891 512 2930 secreto
526 2879 654 2948 margari-
699 2898 836 2950 suspensas
872 2881 1018 2951 gestabant.
1054 2880 1210 2951 Poedagogia

143 2970 232 3011 tarum
256 2957 351 3010 sacculi
367 2983 399 3022 ι,
413 2957 465 3009 hoc
490 2969 546 3019 est,
568 2958 595 3009 in
616 2975 656 3010 se-
697 2960 774 3031 pneri
789 2957 927 3024 dicuntur,
945 2960 991 3031 qui
1006 2959 1149 3013 indeliciis
1163 2960 1213 3014 ba·

143 3037 303 3091 castioribus
312 3035 414 3089 aedibus
425 3035 654 3109 dormitoriisque;
697 3040 810 3102 beatur,
830 3040 871 3093 rel
893 3058 1038 3111 puerorum
1054 3038 1211 3102 multitudo.

144 3129 172 3170 ct
185 3117 272 3170 statim
288 3135 364 3181 mox,
384 3116 431 3169 «in
448 3117 516 3168 collo
531 3115 655 3170 domina·
698 3119 766 3171 Das.
782 3119 1049 3190 -PoedagogiisaeUt
1062 3120 1213 3192 periscelia,

143 3215 204 3250 rum
216 3214 328 3249 aureo.»
347 3198 401 3250 En.
698 3211 845 3269 caeteraque
862 3197 961 3270 pedum
982 3212 1007 3252 et
1024 3217 1134 3252 crurum
1151 3201 1212 3253 rin·

188 3295 232 3330 ιι.
249 3275 284 3328 Ut
302 3278 328 3327 in
343 3294 425 3328 somno
439 3295 538 3348 qaoque.
554 3276 592 3329 Ut
614 3276 656 3330 vel
698 3279 757 3330 cula
770 3278 885 3331 habeant
899 3298 991 3342 aurea,
1004 3277 1159 3351 paedagogiis
1170 3299 1213 3334 re·

144 3375 194 3427 per
205 3373 329 3408 somnum
338 3367 477 3408 occurrant
485 3355 575 3408 animo
585 3375 656 3410 mar·
697 3357 855 3429 linquimus.
866 3357 1051 3431 Paedagogium
1063 3372 1161 3412 coeturn
1171 3379 1214 3414 so·

144 3436 235 3507 goritae
245 3453 310 3506 quas
319 3446 431 3504 gestant.
442 3434 535 3489 liano.
698 3450 745 3490 nat
758 3457 919 3508 puerorum,
931 3441 978 3510 qui
999 3438 1026 3490 in
1051 3437 1154 3493 deliciis
1167 3440 1215 3493 ha·

188 3517 234 3570 13.
247 3517 361 3568 Etiamne
374 3514 484 3585 pedibus.
499 3514 598 3580 Soccis,
609 3515 656 3586 qui
700 3518 805 3570 bentur.
821 3518 891 3571 Hinc
903 3515 1040 3570 deminuta
1050 3536 1121 3572 vocs
1135 3518 1214 3592 pueri

145 3596 251 3651 circulis
264 3614 296 3648 ex
312 3613 376 3647 auro
390 3594 586 3649 vinctiflsnn.
700 3598 833 3650 nobilium
855 3596 970 3650 ministri
991 3601 1062 3668 pagii
1075 3597 1150 3669 apud
1165 3617 1215 3652 nos

189 3682 234 3739 14.
244 3677 327 3747 Atque
338 3678 401 3726 inter
412 3675 506 3726 stolam.
519 3672 657 3739 Quemad·
700 3678 885 3748 appellantur,
898 3679 932 3729 les
944 3699 1028 3748 pages.
1041 3681 1081 3731 De
1095 3678 1139 3732 his
1149 3679 1217 3732 inie-

146 3752 257 3807 modum
280 3756 308 3807 in
326 3755 391 3809 viris
412 3773 507 3807 aurum
523 3755 551 3806 in
571 3755 656 3807 anulis
700 3756 756 3808 rius
771 3756 870 3809 iterum
882 3775 939 3828 cap.
959 3759 1007 3821 54.
1022 3756 1114 3810 Hans.

145 3829 325 3902 distinguebat
347 3854 362 3887 a
382 3835 454 3886 curia
475 3845 502 3885 et
521 3833 657 3903 aplebeio
746 3838 788 3888 16.
807 3837 981 3910 Balineasqne,
999 3849 1050 3890 etc.
1073 3838 1117 3892 Sic
1137 3835 1215 3892 MSS.

145 3910 240 3964 ordine
252 3914 460 3986 equites,atque
475 3911 594 3966 medium
609 3932 655 3966 or·
704 3933 804 3969 omnes.
818 3917 936 3969 Balineas
955 3936 970 3970 a
987 3917 1092 3971 balineo
1104 3916 1216 3972 distem

144 3989 235 4046 dinem
252 3992 364 4047 iaciebat
377 4011 384 4045 :
404 3995 440 4048 ita
456 3994 483 4046 in
500 3992 657 4046 mulieribus
701 3996 788 4049 Varro
799 3994 937 4062 admonet,
951 3995 1024 4069 quod
1035 3997 1089 4051 ill·
1102 3997 1157 4051 sint
1167 4015 1217 4069 pu·
