2686 4816
127 316 175 391 38
402 319 442 386 C.
468 318 642 389 PLINII
665 316 772 388 NAT.
796 315 925 385 nlst’.

95 477 109 511 ι
128 449 312 521 rationibus
329 448 487 519 dicuntur
509 476 517 519 :
540 453 620 519 item
640 447 824 546 impendia,
841 461 874 515 et
888 444 1075 539 dependere

129 572 163 626 et
180 555 321 626 militum
338 556 516 651 stipendia3
533 558 600 626 boc
614 572 683 641 est,
705 552 832 650 stipis¹⁰
845 552 1011 647 pondera,
1026 551 1075 620 dis

128 662 260 749 tores¹¹‚
287 661 521 757 libripendes¹'
547 664 703 732 dicuntur
729 688 737 729 :
759 686 825 754 qua
850 657 1075 728 consuetudin·

128 769 180 839 bis
194 769 436 864 emptionibus,
454 794 529 863 qute
545 771 700 864 mancipii
721 752 850 853 sunt¹⁴,
870 768 969 835 etiam
999 789 1075 832 nunt

126 951 180 991 tem
192 936 354 1002 accedebat,
367 937 535 1009 impendium
546 939 640 1010 appel·
679 950 796 1008 pensator
807 935 844 987 od
854 955 937 986 census
948 955 1020 1005 pror.
1037 946 1075 985 ete

126 1018 218 1071 iatum.
234 1043 246 1064 ι
265 1016 337 1071 Vide
355 1016 559 1083 cassiodorum,
571 1019 638 1072 Var.
726 1035 771 1069 ts.
788 1016 951 1084 libripendes.
972 1013 1074 1067 Gratis

125 1096 245 1160 iileI,
257 1115 301 1167 ep.
315 1098 366 1161 32,
380 1100 457 1167 rujus
468 1097 565 1150 lemma
576 1111 616 1151 est
630 1119 637 1149 :
683 1117 743 1161 tar,
763 1109 792 1149 ut
809 1096 839 1148 in
856 1095 948 1165 glossis
964 1093 1075 1164 exponit

127 1175 291 1240 ·Formnla,
308 1195 360 1248 qua
377 1190 484 1231 moneta
494 1178 639 1230 oommitti·
682 1194 779 1246 nempe
800 1179 864 1244 ζυγῷ
886 1177 970 1238 irim,
992 1175 1044 1225 boc
1064 1192 1075 1224 e

127 1268 179 1309 tur.
199 1281 210 1302 ·
224 1256 318 1311 utro.
680 1256 798 1325 paduae.
817 1255 967 1306 Priscianus
986 1265 1075 1306 extren

170 1353 212 1388 ro.
226 1335 294 1404 (tau
303 1348 328 1387 et
338 1335 440 1387 militnm
453 1336 639 1408 stipendiorum,
684 1348 758 1389 sexto
770 1354 803 1387 es
819 1335 879 1387 Caii
892 1335 980 1403 primo
995 1332 1075 1383 instit

127 1416 172 1467 boc
186 1428 223 1466 est
232 1419 302 1485 stipis
311 1414 485 1487 ponderando.
499 1414 638 1487 Stipendia,
683 1415 765 1477 citat,
780 1414 853 1478 ·Qui
866 1413 963 1464 libram
979 1429 1075 1463 eneam

127 1495 374 1563 nonstipeadt'orata,
383 1496 527 1549 inretnsto
536 1496 637 1549 mdice.
685 1495 733 1566 qui
744 1494 898 1564 appellator
911 1491 1049 1560 libripens.
1064 1515 1075 1536 ι

127 1572 245 1626 Proinde
252 1576 352 1628 certior
361 1575 440 1628 ieetio
447 1574 513 1627 mihi
522 1574 639 1636 ridetur,
728 1573 774 1626 ι3.
788 1575 846 1641 Qua
861 1571 1037 1625 consuetudine.
1052 1571 1075 1621 R

130 1676 141 1696 ι
151 1653 224 1719 Quin
236 1667 262 1705 et
271 1656 385 1707 militum
398 1652 545 1724 stipendia,
553 1668 580 1706 et
592 1656 640 1708 sti·
685 1671 743 1723 cap
760 1657 794 1705 16
806 1654 835 1705 in
843 1653 908 1722 Leg.
916 1652 970 1703 xlt
979 1650 1075 1704 Tabul.

129 1733 171 1803 pis
191 1731 389 1803 ponderandae,
407 1747 460 1787 etc.
475 1761 487 1780 ·
508 1735 590 1787 Prsr.
600 1764 641 1774 —
684 1733 736 1785 lib.
749 1732 778 1793 1,
791 1751 849 1803 rap.
860 1751 888 1801 ς.
902 1733 971 1783 Dst.

130 1813 187 1864 Hoc
207 1826 261 1875 est,
275 1817 352 1883 stipis.
370 1811 509 1883 Stipendia
536 1814 640 1876 innuit,
729 1819 776 1874 ις’.
795 1813 858 1881 Qut
876 1814 990 1880 ιιωκφίἱ
1007 1821 1073 1861 suat.

129 1892 205 1962 quasi
221 1890 298 1962 stipis
316 1891 452 1963 pondera,
473 1911 537 1947 ease.
549 1895 641 1964 appel·
690 1919 702 1940 ι
716 1890 846 1963 iegitime‚
864 1910 894 1944 ac
912 1889 1025 1943 solemni
1045 1889 1075 1941 rit

131 1971 193 2024 iata.
202 1972 307 2036 Varro,
326 1970 361 2024 de
375 1972 451 2042 Ling.
463 1974 523 2025 lat.
531 1973 579 2025 lib.
591 1975 642 2037 tv,
687 1990 730 2024 res
743 1972 925 2042 maneipatur‚
935 1970 1068 2022 asseritur.

131 2069 193 2121 pag.
209 2057 244 2113 ,ἱι
262 2073 268 2100 ;
283 2074 294 2093 ι
307 2050 585 2123 Stipendiumastipe
600 2051 643 2105 di·
690 2052 754 2121 Qaae
775 2055 898 2121 mespii.
916 2051 950 2102 ln
972 2050 1047 2100 omni
1068 2067 1075 2100 ι

130 2142 204 2181 etum
217 2143 272 2193 est,
287 2128 365 2200 qnod
377 2149 412 2183 ts
425 2149 534 2203 quoqne
545 2133 643 2203 stipem
687 2132 827 2201 pecuniae,
840 2150 900 2202 qna
917 2128 1028 2200 quidem
1043 2129 1075 2180 rit

130 2206 265 2262 dicebant.
284 2210 353 2263 Nam
376 2210 451 2280 qnod
473 2229 542 2264 asses
568 2212 644 2267 tihn
687 2210 756 2264 tium
769 2210 855 2276 tieret,
863 2229 895 2262 ac
905 2209 1051 2279 presertim
1063 2208 1075 2258 i·

132 2287 224 2358 pondo
236 2303 328 2352 erant,
344 2291 393 2362 qui
409 2305 567 2361 acceperant
586 2310 643 2343 ma·
688 2291 815 2361 petione,
848 2289 1024 2341 adhibebatur
1054 2287 1075 2339 li

130 2370 216 2437 jurem
233 2386 389 2433 numerum,
402 2389 458 2423 non
475 2370 504 2421 in
518 2388 579 2425 area
592 2390 641 2442 po·
689 2370 737 2441 qui
759 2388 811 2423 atra
835 2367 980 2440 penderet,
999 2386 1062 2419 cum

132 2447 250 2513 nebant,
270 2448 318 2501 eed
338 2451 467 2520 inaliqna
482 2448 548 2502 nella
564 2454 644 2520 stipa-
689 2448 824 2502 testibus:
849 2467 933 2519 eaque
957 2446 1074 2500 termula

132 2526 213 2589 bant,
233 2526 262 2578 id
287 2542 341 2591 est,
362 2530 570 2599 mmponebant.
589 2549 644 2600 qno
689 2527 1075 2590 est,etiamrenrntata‚boee

134 2604 223 2655 minus
239 2605 291 2657 loti
313 2619 477 2675 occuparet:
493 2626 510 2658 a
521 2608 645 2677 stipando
690 2620 748 2659 tum
762 2626 847 2678 quum
863 2626 919 2658 non
929 2604 1075 2677 appendere

132 2682 229 2751 stipem
237 2682 329 2736 dicere
338 2698 503 2755 ceperunt.-
516 2684 645 2739 Codicem
690 2699 878 2739 numeraretur
897 2686 1018 2756 peronia.
1029 2686 1075 2749 Qu

134 2762 200 2831 Reg.
221 2781 236 2813 ι
256 2765 340 2816 secuti
358 2783 474 2817 snmus:
505 2765 582 2835 prius
601 2764 645 2817 hic
690 2764 856 2817 suetudinem
867 2765 973 2817 Boetius
984 2765 1075 2835 inTop

134 2840 293 2911 legebatur:
314 2868 326 2890 ι
339 2843 414 2907 Quin
428 2857 455 2896 et
472 2842 589 2896 militum
600 2846 647 2897 sti·
691 2845 779 2905 runis,
798 2864 829 2896 er
847 2844 896 2896 lib.
916 2845 929 2896 1
944 2845 1061 2895 institut.

134 2917 312 2990 pendium,
327 2922 380 2975 boe
394 2935 443 2983 est,
456 2920 534 2993 stipis
542 2922 647 2992 ponde»
691 2921 1075 2987 netufaeiendo,bisrerbise

133 2996 225 3051 rande
248 3014 417 3070 pensatores.
442 3014 494 3054 ete.
509 3027 521 3047 ·
542 3006 578 3054 At
599 3005 647 3073 qai
694 3030 705 3049 ·
719 3004 746 3053 ls
764 3005 811 3074 qui
828 3004 963 3074 mancipio
982 3003 1075 3073 accipit

135 3096 255 3149 unquam
262 3098 376 3152 mquam
383 3094 537 3152 pensatores
543 3080 647 3135 auditi?
691 3099 758 3134 neus
772 3084 809 3135 ita
821 3081 905 3135 dicit:
917 3082 996 3134 Hunc
1005 3082 1075 3151 egoi

134 3156 226 3211 titan.
691 3180 724 3213 es
733 3163 795 3231 jure
804 3163 951 3228 Quiritium
966 3181 1056 3213 meum
1072 3186 1075 3207 ι

179 3238 547 3307 tt.D.speasa·tms.Festus:
562 3263 573 3284 ·
588 3241 649 3293 Dis·
691 3241 768 3312 isque
792 3242 860 3292 mihi
885 3254 989 3311 emptus
1011 3253 1051 3293 est
1073 3242 1075 3292 ζ

135 3329 289 3387 pensatores
302 3316 368 3371 dieti
378 3332 454 3384 sunt,
467 3321 516 3391 qui
531 3338 566 3372 tes
580 3339 647 3390 peu·
691 3339 817 3391 cneoque
826 3321 904 3372 libra.
919 3320 1024 3372 Deinde
1039 3340 1075 3373 ει

133 3409 220 3451 santea
231 3396 432 3469 expendebant,
446 3418 501 3451 non
516 3418 647 3451 annume-
692 3400 724 3451 tit
735 3400 847 3461 libram,
860 3399 978 3469 indeque
988 3419 1023 3452 as
1034 3399 1075 3452 dat

134 3476 237 3529 rabant.
250 3476 321 3529 ilino
331 3476 502 3531 deducuntur
515 3497 645 3548 expensa,
691 3480 834 3550 mane-ipit,
844 3480 920 3550 qnasi
935 3482 1014 3550 pretii
1028 3480 1075 3532 ion

134 3554 189 3607 sire
205 3554 372 3628 dispensata,
394 3558 436 3610 rel
453 3570 644 3628 oompensata:
689 3557 758 3611 iilud
782 3560 905 3611 Horatii.
929 3586 940 3606 ·
955 3559 983 3611 si
1001 3579 1075 3631 prnp

134 3634 199 3686 item
221 3634 430 3707 compendium,
454 3635 643 3709 dispendium,
688 3636 764 3707 qnod
779 3640 840 3708 quis
852 3640 920 3691 libra
934 3653 1068 3691 mereatur

134 3712 313 3782 asipondium
322 3756 331 3779 ,
339 3714 536 3786 dupondium.-
546 3717 644 3769 lustri·
687 3716 834 3781 Quadam
846 3720 869 3771 si
878 3717 966 3771 emin
977 3720 1072 3770 consul

134 3791 193 3861 ptio
202 3806 279 3847 setus
287 3794 360 3865 apud
367 3796 563 3867 Reinesiam‚p.
576 3798 644 3860 58⁶,
688 3796 758 3867 cipat
769 3816 858 3851 m·
874 3796 958 3868 Apud
971 3798 1075 3851 Scholia

135 3888 398 3931 umntsausama.
411 3894 456 3929 sn.
467 3894 645 3929 ensuerun-
688 3877 750 3928 ratii
768 3890 825 3935 est.
848 3878 955 3930 -Libra
976 3892 1003 3931 et
1020 3897 1075 3931 are

132 3960 581 4027 risun.erenrsusrs..t·5uet
592 3956 644 4007 dis·
689 3974 758 4011 tare,
775 3984 787 4005 ι
804 3954 895 4007 titan.
