2686 4816
478 363 636 432 uiuus
663 367 845 434 xxxin.
1178 390 1198 460 7
1304 393 1307 411 ι

147 498 319 565 meruissent
345 493 420 578 filii,
443 495 572 590 insigne
603 498 635 564 id
671 495 882 585 baberent¹',
913 499 1052 568 oaeterin
1075 499 1194 568 lorum.

145 603 179 670 Et
199 602 266 671 ideo
291 604 395 670 miror
420 604 591 722 Tarquinii
623 607 694 696 ejus
722 620 864 674 statuam
894 609 963 677 sine
989 605 1089 673 anulo
1117 631 1196 676 esse.
1219 628 1233 676 s

144 710 326 840 Quanquam
357 723 390 776 et
419 707 462 777 de
488 712 622 778 nomine
648 713 720 805 ipso
746 713 870 832 ambigi
898 712 1023 780 uideo:
1051 715 1199 782 Graecia

141 801 264 908 digitis*
286 812 516 910 appellavere
547 816 636 911 apud
664 843 725 887 nos
747 821 845 913 prisci
871 807 1064 950 ungulum¹⁴
1096 844 1199 887 uoca-

139 921 227 989 bunt:
242 936 357 1016 postea
374 936 409 990 et
422 924 545 1003 Graeci,
559 938 592 992 et
611 928 715 992 nostri
730 911 959 1019 symbolum'⁶.
976 927 1096 1019 Longo
1109 941 1199 994 certe

140 1042 276 1122 tempore
294 1053 337 1096 ne
358 1042 509 1097 senatum
530 1016 696 1122 quidern¹⁶
715 1034 944 1100 Romanorum
963 1031 1144 1101 habuisse
1136 1056 1198 1100 au-

138 1159 202 1203 reos
219 1134 432 1204 manifestum
453 1149 513 1205 est.
538 1137 707 1229 Siquidem
735 1138 787 1206 his
807 1152 935 1206 tautum
959 1163 1014 1232 qui
1008 1137 1132 1232 legati
1156 1139 1198 1207 ad
1219 1156 1233 1212 t

135 1255 252 1311 exteras
265 1256 383 1337 gentes
394 1242 470 1309 ituri
485 1257 612 1327 essent,
630 1243 721 1311 anuli
732 1244 864 1337 publice
875 1244 1042 1313 dabantur
1057 1270 1064 1311 :
1082 1244 1198 1328 credo,

133 1351 278 1440 quoniam
295 1350 341 1416 ita
359 1362 549 1416 exterorum
573 1349 817 1419 honoratissimi
836 1350 1113 1444 intelligebantur.
1127 1354 1200 1419 Nee.

132 1479 187 1548 que
206 1454 280 1524 aliis
297 1456 344 1523 uti
367 1479 441 1523 mos
463 1454 546 1535 fuit,
562 1480 662 1549 quam
682 1459 737 1550 qui
760 1482 800 1525 ex
821 1483 860 1526 ea
881 1481 981 1527 eausa
999 1455 1130 1552 publice
1150 1483 1198 1526 ao

131 1563 310 1656 cepissent:
327 1560 530 1656 vulgoque
505 1587 551 1631 suc
570 1564 832 1658 triumphabant
842 1567 885 1633 Et
899 1589 1003 1658 quum
1020 1587 1143 1633 corona
1157 1590 1198 1633 ex

132 1691 203 1737 auro
225 1667 398 1738 Etrusca'l
416 1671 634 1738 sustineretur
652 1694 670 1738 a
690 1685 802 1765 tergo,
825 1670 942 1740 anulus
962 1685 1075 1739 tamen
1095 1672 1127 1760 in
1144 1670 1196 1740 di-

132 1775 190 1866 gito
214 1775 342 1844 ferreus
362 1791 432 1844 erat
440 1801 566 1869 ,aeque
589 1776 842 1872 triumphantis,
867 1794 900 1846 et
919 1777 1020 1849 servi¹
1025 1750 1197 1860 nfortasse

166 2029 209 2061 rr.
233 2010 332 2079 Insigne
357 2010 385 2061 id
406 2009 529 2062 baberent.
555 2009 636 2074 Quod
682 2011 1202 2084 naulisproesrrtinrsign-storiisattribu«

130 2090 175 2156 jem
201 2090 317 2160 puberes
336 2089 415 2154 lacti,
437 2091 549 2142 solemni
573 2091 638 2143 festo
684 2104 755 2155 turri,
784 2090 858 2164 quod
885 2090 1015 2144 iudicium
1038 2091 1198 2164 signumque

131 2169 222 2221 laribus
246 2168 461 2241 suspendebant,
486 2183 516 2222 ut
543 2171 639 2240 puellae
684 2172 869 2242 imprimerent
896 2174 953 2242 ejus
984 2170 1032 2242 qui
1068 2171 1196 2241 signabat.

130 2249 225 2302 nubiles
241 2267 345 2321 puppas
362 2268 423 2302 suas
435 2250 546 2303 Veneri.
565 2250 636 2301 llltu·
685 2251 791 2304 Plautus
802 2251 830 2303 iu
847 2249 940 2303 Pseud.
956 2274 966 2291 s
980 2251 1016 2302 ltu
1032 2268 1107 2302 causa
1122 2251 1198 2305 miles

129 2325 177 2398 dig.
190 2330 277 2393 lib.V,
291 2348 351 2400 esp.
370 2333 414 2384 18.
429 2331 496 2382 Dus.
683 2331 726 2382 hic
740 2331 848 2401 reliquit
865 2329 1196 2400 symbolnrnAErpressam

168 2429 209 2462 rs.
227 2410 320 2462 Crateri
329 2409 415 2463 lorum.
428 2411 491 2463 Sine
500 2409 582 2462 bulla.
597 2411 636 2462 lta
682 2413 710 2463 in
726 2429 784 2462 cera
799 2429 830 2462 es
843 2410 924 2460 anulo
936 2427 1009 2461 susm
1023 2409 1194 2479 imaginem·

128 2489 292 2554 Macrobius,
308 2490 359 2541 loc.
372 2490 485 2553 clevet,
501 2503 530 2542 ut
544 2489 636 2542 Pedia·
684 2490 776 2549 Hssn.

128 2587 186 2634 uus,
209 2588 272 2624 cnm
298 2568 371 2622 bulla
391 2582 494 2630 mutum
518 2582 636 2642 scortea,¹
729 2573 771 2621 rb'.
792 2569 831 2621 Ne
846 2581 951 2620 senatum
968 2570 1061 2641 quidem
1077 2570 1196 2623 Ronanu-

128 2647 175 2701 boc
187 2663 241 2715 est,
258 2669 274 2702 e
287 2648 404 2721 pellibus
418 2651 493 2704 lacta.
506 2649 537 2702 ld
551 2668 637 2722 appo·
684 2669 734 2702 rum
753 2650 861 2701 babuisse
874 2670 927 2703 orer.
943 2651 1101 2718 manifestum.
1120 2650 1199 2711 Post,

126 2729 317 2782 siteJuvenslis
333 2731 477 2800 expressit,
494 2730 589 2802 Satyra
602 2730 638 2793 V,
682 2730 790 2782 mutatis
815 2728 952 2793 moribus,
972 2730 1097 2782 senatorii
1119 2748 1200 2802 eque·

126 2827 188 2862 vers
215 2812 266 2872 164
288 2827 295 2861 :
321 2810 488 2863 «Etruscum
511 2828 594 2879 puero
616 2811 637 2863 si
683 2810 797 2878 strisque
810 2807 914 2861 ordinis
927 2809 1082 2863 bominibus
1095 2829 1200 2863 conces·

126 2890 234 2960 contigit
244 2908 339 2942 aurum
349 2930 356 2956 ,
366 2890 416 2942 Vel
424 2887 511 2943 nodus
523 2901 637 2951 tanturm,
683 2909 759 2947 sum.
774 2903 802 2941 ut
823 2908 917 2941 aureos
937 2889 1037 2950 ferrent
1052 2909 1057 2941 :
1079 2891 1199 2954 ceteris,

126 2970 270 3040 etsignum
290 2967 325 3022 de
342 2988 460 3041 paupere
472 2969 564 3022 loro·
587 2969 638 3026 [οε
682 2971 761 3022 etiam
803 2969 941 3039 ingenuis,
976 2970 1096 3022 vetitum.
1129 2970 1198 3034 Dio,

125 3066 182 3101 rum
196 3048 315 3120 intellige
330 3049 358 3102 id
375 3049 636 3120 ligamentutn,eum
683 3048 721 3101 lib
745 3049 918 3120 xt.vltt,p.
934 3047 1103 3104 385.Hssn.

126 3129 210 3194 nodo,
234 3146 268 3181 ex
294 3147 348 3200 quo
373 3129 446 3182 bulla
473 3127 605 3199 pendebat
629 3148 635 3180 :
727 3147 770 3200 17.
804 3128 919 3181 Etrusca.
951 3129 1064 3180 'l'ertull
1092 3129 1139 3182 lib.
1164 3130 1198 3195 de

125 3210 200 3278 quale
218 3228 291 3261 nunc
310 3221 443 3279 gestante
459 3209 543 3262 serico
560 3211 635 3279 rqui·
683 3208 789 3262 Corona
802 3209 879 3262 milit.
896 3236 906 3255 ι
921 3208 1101 3269 Praeseruntur
1119 3211 1197 3273 etiam

125 3301 160 3339 tes
170 3288 340 3353 Melitenses,
361 3288 433 3342 uude
451 3309 513 3342 crux
530 3287 637 3359 pendet.
684 3289 735 3340 illis
754 3288 883 3346 Etruscae.
902 3289 960 3341 Hoc
977 3289 1137 3342 uocabulum
1157 3303 1196 3343 est

124 3367 210 3423 llusn.
684 3388 863 3430 coronarum,
880 3387 944 3441 quas
959 3368 1071 3440 gemmis
1087 3381 1112 3422 et
1128 3368 1198 3422 loliis

165 3449 209 3502 13.
227 3448 313 3502 Groecr'
336 3469 351 3498 a
371 3449 455 3518 digitis
478 3450 636 3520 appellavere.
684 3466 716 3501 ex
738 3467 803 3503 ituro
821 3448 955 3520 quiercinis
976 3449 1011 3501 ob
1024 3448 1120 3501 lovem
1136 3448 1199 3500 insi·

125 3531 272 3593 Δακτύλων,
292 3529 341 3581 ἀπὸ
356 3525 550 3593 reddentibus,
567 3548 580 3580 a
598 3521 639 3585 di·⁴
683 3547 748 3600 pnes
774 3527 807 3582 ad
834 3526 1003 3588 deducendas
1028 3541 1114 3587 tensas
1138 3546 1198 3582 cutn

125 3607 185 3676 gito.
202 3609 293 3662 Hunn.
683 3609 806 3679 palmaris
830 3609 897 3680 togis
919 3622 1058 3663 sumuut.·
1076 3606 1144 3661 Dus.
1164 3640 1199 3651 -

108 3755 111 3761 Ι
165 3696 208 3753 til.
224 3689 356 3758 Unguium.
374 3688 532 3758 ·Ungulus,
549 3690 637 3762 inquit
685 3688 783 3747 Canius
797 3711 828 3743 es
843 3708 904 3740 aruo
921 3689 1035 3739 Etrusca.
1049 3685 1120 3739 Vide
1140 3707 1200 3759 que

126 3765 229 3832 Μαι,
243 3768 376 3821 Oscorum
389 3768 633 3841 linguamnulust·
682 3764 798 3822 diximus
811 3768 857 3822 lib.
875 3769 954 3833 xx1‚
969 3787 1025 3838 cap.
1047 3772 1071 3827 ἦ.
1087 3767 1177 3822 Hisn.

127 3843 202 3919 idque
222 3849 333 3919 gemino
357 3848 464 3902 Pacuvii
487 3849 638 3903 testimonio
728 3851 771 3905 ¹8.
783 3851 818 3902 Et
829 3850 1012 3917 servisortasse.
1026 3848 1059 3899 Et
1072 3864 1198 3902 coronam

128 3929 288 3998 comprobet.
302 3925 396 3982 Haeo,
684 3929 851 3989 sustinentis,
868 3928 916 3998 qtti
929 3948 981 3979 nou
995 3924 1142 3999 ingenuus,
1155 3928 1199 3979 sed

166 4007 209 4060 ii.
223 4006 374 4080 Symbolum.
391 4006 479 4062 Credo
495 4006 522 4061 id
539 4028 637 4062 nomen
682 4007 1019 4061 fortasseserruserat.1ta
1033 4025 1131 4069 servus,
1144 4027 1201 4078 quo
