2686 4816
157 344 202 415 aa
393 312 398 321 ’
428 348 948 417 c.rn1u11uaa.nis'r.

156 481 261 548 vitute
280 477 409 548 liberati
430 481 643 549 transiliant:
664 480 753 573 quod
767 496 863 549 antea
884 502 1065 572 numquam
1085 504 1120 547 er

133 628 135 633 -
158 600 263 667 ctum,
282 588 438 678 quoniam
458 588 492 654 in
509 587 617 656 ferreo
636 586 737 655 anulo
756 589 881 680 equites
897 585 1089 679 judicesque
1104 589 1120 654 ii

158 692 352 787 gebantur:
379 691 528 787 adeoque
552 695 779 786 promiscuum
802 693 834 760 id
854 717 925 761 esse
948 694 1063 784 coepit,
1083 707 1120 761 ut

158 796 336 866 Claudium
355 800 536 886 Caesarem,
557 801 590 867 in
615 822 757 883 censura
769 786 888 891 ejus¹⁴‚
906 823 992 866 unus
1008 823 1081 866 exe
1103 820 1120 865 u

157 902 290 972 Flavius
305 902 481 991 Proculus,
494 904 754 1000 quadringentos
770 930 811 974 ex
827 929 866 973 ea
880 927 980 972 causa
994 903 1085 972 reos¹
1113 929 1120 998 1

128 1030 132 1048 ¹
159 1007 251 1078 laret.
270 1014 321 1078 lta
337 1010 418 1078 dum
437 1025 609 1106 separatur
625 1011 709 1079 ordo
727 1012 769 1080 ab
785 1012 936 1106 ingenuis
946 995 979 1090 ¹⁶,
999 1034 1120 1078 commi

160 1128 213 1183 tus
227 1129 276 1184 est
294 1141 370 1185 cum
385 1119 535 1186 servitiis.

124 1238 139 1287 3
210 1222 364 1291 iudicum
387 1239 497 1291 autem
525 1211 748 1320 appellatione
779 1225 924 1317 separari
953 1247 1028 1291 eurn
1056 1222 1120 1291 ord]

158 1329 257 1422 primi
273 1331 426 1424 ninnium
449 1332 620 1400 instituere
635 1331 782 1400 Gracchi
792 1328 826 1413 ¹⁷,
843 1329 987 1398 discordi
1006 1329 1120 1423 popule

158 1433 191 1501 in
220 1434 453 1505 contumeliam
485 1452 619 1506 senatus
645 1464 651 1504 :
680 1462 757 1505 mox
786 1461 824 1504 ea
852 1435 1029 1520 debellata,
1049 1451 1120 1502 auct

157 1542 300 1610 nominis
308 1544 401 1610 vario
410 1542 607 1612 seditionum
618 1558 740 1611 eventu
752 1544 840 1611 circa
856 1541 1049 1635 publicanos
1064 1542 1120 1609 sul

158 1634 641 1741 etaliquamdiutertiaevires¹⁸
660 1647 825 1743 publicani
844 1647 946 1715 luere.
962 1651 1120 1716 Marcus(

159 1752 292 1821 demum
313 1749 472 1823 stabilivit
496 1769 649 1850 equestre
667 1779 790 1823 nomen
816 1757 850 1821 in
874 1753 1047 1821 consulatu
1067 1779 1120 1822 suc

158 1857 303 1927 tilinanis
317 1860 415 1929 rebus
428 1859 462 1942 ¹⁹,
473 1886 511 1929 ex
525 1887 565 1930 eo
581 1886 614 1930 se
630 1861 746 1930 ordine
762 1859 951 1954 profectum
961 1885 1031 1928 esse
1041 1859 1120 1928 celel

158 1950 293 2058 ejusque
315 1967 398 2035 vires
415 1966 571 2060 peculiari
584 1966 806 2061 popularitate
826 1991 985 2059 quaerens.
1006 1966 1057 2033 Ab
1073 1965 1120 2034 ill<

158 2163 237 2214 simul
247 2181 307 2214 cum
319 2164 434 2234 equestri
445 2162 583 2234 dignitate.
595 2166 673 2217 Taci·
716 2181 764 2234 per
777 2182 861 2215 annos
871 2161 963 2215 decem
975 2164 1098 2232 turpiter,
1114 2181 1120 2213 i

158 2255 210 2307 tus,
219 2242 395 2296 Historiarum
407 2243 477 2294 libro
484 2243 587 2314 primo:
599 2245 670 2296 ·Nec
715 2276 755 2286 ·-
765 2245 843 2294 Primi
858 2247 962 2293 omnium
977 2247 1120 2294 institueret

159 2325 249 2375 minor
262 2323 346 2392 gratia
359 2322 432 2374 Julio
450 2323 544 2376 Galbae
561 2324 671 2388 liberto,
715 2325 798 2393 Regg.
828 2321 908 2375 codd.
939 2336 1097 2392 veteresque

158 2420 239 2473 quem
254 2402 340 2455 anulis
352 2401 482 2456 donatum
498 2404 613 2474 equestri
623 2424 672 2456 no·
715 2422 770 2455 non
789 2402 916 2465 Gracchi,
943 2401 989 2454 sed
1014 2401 1106 2454 Gracci

157 2483 398 2535 mineMartianuin
410 2483 670 2536 vocitabant-Idem
715 2495 788 2535 runt.
804 2483 854 2533 En.

159 2559 332 2613 Historiarum
362 2561 495 2625 secundo,
523 2563 672 2615 Asiaticum
759 2566 804 2615 ¹8.
824 2563 914 2613 Tertia
927 2565 999 2611 eires.
1014 2561 1120 2612 'l'ertius

160 2639 408 2703 Vitelliilibertum‚
420 2642 456 2693 ait
466 2640 595 2693 donatum
605 2661 669 2694 anu·
716 2642 794 2692 tertia
816 2639 938 2708 dignitas.
963 2639 1024 2691 Fuit
1042 2659 1120 2710 quum

157 2718 200 2779 lia,
220 2718 293 2790 quod
306 2733 381 2772 antea
395 2719 505 2784 dixerat,
515 2725 618 2792 equestri
632 2722 671 2772 di·
715 2720 782 2772 dum
796 2720 951 2788 suspicarer,
964 2723 1040 2770 tertie
1052 2725 1120 2772 vices.

157 2804 259 2868 gnitate.
277 2800 369 2851 Haan.
760 2818 803 2866 19.
822 2801 856 2850 Ei
870 2812 977 2850 serratum
993 2800 1120 2851 concilians

203 2887 247 2942 πά.
263 2881 293 2931 Ia
313 2898 412 2931 cemma
429 2883 490 2949 ejus.
502 2881 589 2945 Quam
608 2900 669 2932 cum
715 2879 849 2947 exemplar
868 2880 947 2949 longe
975 2880 1069 2931 aliter:
1095 2899 1120 2930 co

157 2958 189 3010 L.
206 2958 315 3010 Vitellio
332 2961 424 3028 gessit,
445 2961 611 3030 principatus
631 2960 671 3011 sui
715 2959 810 3010 rebus:
836 2973 864 3011 ut
891 2960 959 3011 sorte
984 2958 1120 3011 scribendi·

158 3039 670 3108 annooctavo,lustrumquefecitaxxiv.
717 3038 944 3090 Cattilioaisrebus.
961 3040 1120 3091 Prien—Ca

203 3119 247 3170 15.
260 3118 486 3170 Eacacausareos.
495 3118 577 3184 Quod
587 3138 670 3190 quum
716 3119 794 3170 rebus.
807 3119 925 3189 Vestigia
937 3118 1036 3170 codicis
1051 3120 1120 3188 prob

159 3198 227 3250 servi
246 3211 347 3257 essem,
374 3199 544 3263 authberti,
569 3200 672 3268 insigne
717 3200 781 3268 llcg,
794 3216 819 3261 a,
832 3198 931 3268 integra
943 3198 996 3250 side
1007 3200 1088 3250 secuti
1099 3199 1120 3249 lc

158 3278 277 3348 equitum
289 3290 427 3346 gestarent.
444 3278 535 3330 Haan.
714 3278 878 3339 curationem
901 3277 1088 3329 adhibuimus:
1117 3298 1120 3328 i

203 3362 246 3411 16.
261 3358 430 3425 Attagenae.
444 3361 465 3408 Α
482 3373 573 3411 senatu
585 3372 611 3410 et
621 3377 670 3428 po·
715 3376 747 3409 eo
761 3355 876 3408 vidimus
890 3357 964 3426 quod
978 3372 1002 3409 et
1020 3360 1046 3408 iu
1063 3377 1112 3408 suo

118 3447 123 3462 ¹
159 3438 224 3506 palo
235 3454 354 3488 romano.
369 3436 459 3490 Hann.
716 3456 767 3489 nus
782 3435 866 3498 vidit,
881 3438 1027 3489 Contiliaais
1041 3437 1117 3487 rebus.

203 3536 246 3587 ¹7·
258 3515 372 3569 Gracchi.
384 3518 511 3569 Asconius
523 3516 669 3580 Pedianus,
715 3518 782 3588 ipse,
796 3517 842 3567 lib.
857 3519 884 3568 ll
895 3555 902 3579 ‚
915 3536 973 3588 cap.
989 3520 1021 3569 52
1033 3557 1040 3578 ‚
1053 3537 1080 3586 p.
1100 3535 1120 3566 n

159 3596 186 3646 iu
204 3597 304 3649 Dirin.¹
316 3615 342 3665 p.
361 3603 395 3665 67
412 3614 418 3648 :
437 3598 505 3649 «Ti.
518 3597 666 3653 Gracchus,
715 3597 871 3649 Catiliuauis
897 3598 1051 3666 prodigiis*
1079 3595 1120 3647 <lia

159 3676 262 3745 inquit,
282 3677 364 3745 legem
388 3677 498 3739 tulerat,
519 3690 549 3729 nt
568 3678 669 3747 equites
715 3695 777 3728 vero
801 3677 866 3728 editi
893 3676 925 3728 ad
949 3678 1020 3727 liuuc
1045 3675 1116 3726 diem

158 3756 261 3806 romani
286 3757 456 3823 judicarent:
483 3755 670 3826 judicaverunt
719 3770 864 3808 usenatmn
881 3757 904 3807 ei
921 3757 1107 3816 conciliaus,-

159 3853 207 3902 per
227 3854 309 3886 annos
328 3837 375 3887 xx
396 3836 452 3888 sine
474 3837 590 3887 infamia.
610 3838 671 3887 Post
715 3849 755 3888 cta
774 3855 837 3887 voce
859 3837 941 3902 rebus,
962 3835 1063 3904 adjecta
1081 3835 1120 3885 alt

159 3913 244 3966 victor
254 3915 325 3985 Sylla
339 3916 408 3986 leges
423 3917 536 3977 tulerat,
554 3928 582 3967 ut
597 3934 670 3966 seria·
715 3915 778 3968 inde
789 3928 895 3966 senatum
903 3937 912 3975 ,·
925 3916 1034 3985 reliquis
1046 3914 1119 3964 omiti

158 3995 241 4047 torius
256 3994 323 4046 urdo
338 3994 486 4065 judicaret,
503 4008 528 4048 et
543 3993 670 4066 judicavit
716 3996 810 4067 ruptis.
823 3997 914 4048 llsan.
