2686 4816
161 327 209 412 st,
435 325 474 393 c.
500 323 670 395 estun
694 325 806 396 nsi.
832 323 958 391 ntsr.

162 469 231 537 rius
247 491 308 562 pm
324 452 475 536 decem⁴⁰
489 467 616 537 assibus
630 466 738 575 datus:
756 467 846 536 Nota
860 449 1019 559 argenti‘¹
1039 462 1079 533 fut

162 570 1079 670 atquequadn'gae:etindebigatiquadrigatiquedictiN

162 707 224 762 fuit.
234 707 302 760 Num
314 725 330 760 e
343 706 506 759 sextantariis
517 707 619 760 essibus
631 705 674 760 de·
716 705 882 779 quadrigati,
898 717 924 757 et
940 704 1038 775 bigati,
1053 724 1068 758 a

163 804 238 853 cem,
256 787 303 858 qui
323 785 433 840 denario
454 798 580 858 argenteo
599 787 675 857 prius
717 786 808 840 laturre
820 785 895 839 dicti.
910 810 921 830 ι
941 786 1022 837 Recte
1035 803 1042 837 :
1056 803 1079 837 nt

162 867 384 939 permutabuntur
395 885 467 930 uno,
483 885 565 938 quum
578 867 675 938 viginti
715 865 843 938 ponderis
853 866 927 917 fuere
938 883 951 915 u
962 864 1079 935 prioribu

162 945 288 1001 conflarit
313 964 380 999 usses
402 946 531 1012 unciales,
548 945 675 1018 deditque
716 948 851 1000 luturaeuc
862 945 941 1016 pretii
952 943 1074 1014 disparis.

162 1042 216 1097 pro
237 1039 363 1096 argenteo
382 1024 520 1078 dumtttxttt
542 1025 675 1091 sedecim,
717 1040 744 1080 et
757 1024 1080 1097 quadrigatiscrehrsspt

162 1118 279 1177 quatuor
291 1105 396 1159 interim
410 1106 479 1159 lucri
492 1106 565 1171 iecit3
578 1105 676 1160 deinde
718 1107 828 1169 mentio,
836 1105 854 1158 l.
864 1105 985 1175 xxt1,p.
997 1104 1078 1165 aoid

163 1196 243 1238 sueto
264 1186 380 1256 argentei
405 1185 509 1238 numini
533 1186 620 1258 pretio
640 1184 674 1239 nd
717 1204 778 1256 pag.
799 1192 862 1255 407,
879 1196 928 1237 etc.
949 1185 988 1235 Its
1004 1196 1079 1236 serrat

162 1262 279 1318 sedecim
291 1265 478 1330 assenserunt
490 1284 581 1319 senos:
594 1264 676 1336 igitur
718 1283 833 1337 quorum
864 1263 934 1316 idem
967 1262 1070 1314 Livius*

164 1342 248 1397 denos
261 1346 373 1398 omnino
386 1364 395 1402 t
408 1345 459 1399 hoc
472 1358 524 1412 est,
537 1344 612 1417 quod
627 1345 677 1397 Pli-
719 1347 810 1417 quuies
823 1345 945 1396 Museum
963 1355 1079 1394 nostrum

163 1423 295 1488 stianit,
314 1425 341 1477 in
362 1425 480 1496 singulos
497 1423 621 1478 denarios
635 1423 677 1476 di·
718 1426 746 1478 in
764 1425 862 1478 semilis
884 1422 1008 1486 Aurelia,
1019 1423 1079 1476 Clas

163 1500 292 1569 midium,
323 1504 379 1556 sive
412 1503 552 1557 denarium
580 1524 674 1558 uuum.
718 1505 803 1568 nelis,
821 1504 848 1556 in
872 1520 983 1555 nummo
1005 1504 1047 1555 cui
1071 1521 1079 1554 t

164 1582 343 1636 Tantumdem
365 1595 391 1636 et
412 1584 440 1636 in
465 1584 600 1656 quinarios
623 1583 676 1637 sin·
719 1583 751 1638 L.
763 1584 880 1638 SCIPIO
895 1581 1013 1635 sstsG.
1028 1583 1079 1634 tun

164 1663 258 1734 gulos,
278 1663 462 1734 sestertiotque
486 1664 565 1716 lucri.
589 1664 677 1734 Erpe·
720 1664 896 1728 mie‚Nesia,
909 1663 1070 1731 Pomponia,

163 1741 222 1795 dire
231 1742 303 1796 hunc
313 1740 413 1794 nodum
423 1744 566 1814 nequivere
575 1743 674 1797 Anton.
720 1742 845 1807 Procilio,
855 1742 972 1811 Sulpicia
981 1761 987 1791 t
997 1760 1053 1794 non
1064 1739 1079 1792 d

165 1822 278 1893 August·
306 1821 352 1873 lib.
373 1822 400 1873 11
424 1821 537 1876 Enrend.
561 1841 618 1894 esp.
644 1841 675 1891 73
720 1824 824 1894 generis
834 1823 947 1893 pretiive
960 1821 1079 1874 nummi:

163 1901 291 1966 Budaeus,
304 1901 350 1954 libz
364 1903 400 1966 V,
412 1900 447 1954 de
457 1920 525 1968 usse,
536 1922 594 1975 pag.
612 1904 678 1973 173,
721 1903 781 1956 citis
791 1905 818 1954 in
832 1920 910 1954 serite
925 1899 1035 1953 modum
1049 1919 1079 1952 nt

164 1981 330 2052 minimeque
349 1982 468 2034 omnium
485 1983 678 2048 Alcistus,lib.
722 1982 840 2052 ginibus,
863 1981 954 2033 serrati
975 1979 1076 2031 denarii

165 2059 201 2113 de
217 2060 302 2114 Pond.
321 2073 348 2114 et
368 2061 452 2113 Meus.
470 2073 536 2116 tom.
552 2064 593 2114 VI
610 2062 680 2132 Ope·
722 2061 817 2114 Sedet
837 2073 927 2133 postes
946 2061 1077 2132 praetcrb

165 2159 242 2204 rum,
267 2141 314 2193 fot.
341 2158 415 2208 279,
440 2142 486 2193 uhi
509 2140 679 2213 despondens
722 2140 1079 2212 drigasque‚impressaesun

165 2220 305 2286 animum,
318 2221 405 2272 luxata
423 2221 479 2274 haec
491 2223 597 2286 omniu,
612 2221 678 2274 suis·
721 2241 782 2274 rum
799 2221 826 2273 in
843 2222 960 2273 nummis
975 2219 1079 2290 imagini

165 2318 220 2372 que
229 2313 298 2353 motu
309 2298 416 2353 sedibus
427 2319 496 2365 esse,
508 2301 604 2356 frustm
615 2320 678 2355 con·
722 2301 880 2354 familiarum
892 2300 1019 2370 insignia,
1034 2298 1079 2351 alit

166 2381 296 2452 queritur.
308 2381 399 2433 lituu.
722 2383 795 2435 Brut.
812 2393 875 2432 nota
891 2382 988 2450 argenti
999 2380 1079 2444 suere,

208 2468 252 2525 do.
269 2462 319 2512 Pro
331 2461 418 2513 decem.
431 2459 563 2515 Militibus
577 2474 678 2526 tumen,
764 2468 811 2525 ‘i’-
825 2461 888 2513 Mo:
899 2461 950 2529 lege
964 2460 1079 2529 Papirion

167 2551 199 2592 ut
222 2541 348 2593 libentius
373 2540 527 2611 diutiusque
546 2554 679 2595 mererent
723 2559 827 2606 omnes,
843 2559 905 2593 cum
917 2543 981 2610 Reg.
1000 2558 1012 2590 u
1032 2537 1079 2591 cod

167 2619 196 2670 in
212 2619 346 2684 exercitu,
362 2637 410 2690 spe
428 2618 556 2673 mercedis
574 2621 676 2686 allecti,
723 2639 807 2693 usque
827 2618 861 2672 ad
881 2619 1079 2690 Daiecnmpium

166 2696 293 2752 denarius
309 2711 462 2768 urgenteus,
478 2718 532 2751 nou
547 2700 678 2765 sedecim,
718 2705 786 2772 piria
802 2701 913 2770 scripsit.
934 2700 1050 2752 Nomina
1073 2698 1080 2749 i

167 2777 229 2844 sed,
245 2777 373 2843 molini,
388 2778 480 2831 decern
497 2792 600 2832 tuntum
615 2783 678 2834 ussi·
722 2781 811 2834 nentis
831 2779 903 2851 opud
927 2781 1076 2843 Romanos,

167 2858 217 2910 bus
238 2857 379 2911 estimatus
396 2873 434 2911 est
451 2877 458 2911 ι
477 2859 529 2911 hoc
549 2859 677 2914 diurnum
721 2874 782 2913 sunt
806 2860 895 2930 stirpis
919 2860 1046 2924 nomina3
1073 2878 1079 2910 t

166 2936 348 3009 stipendium,
373 2957 441 2991 usses
466 2937 528 2991 deni
560 2941 677 3006 scilicet,
722 2940 877 3012 Pompeius,
902 2939 1079 2992 Antoninus

167 3037 225 3071 uon
239 3035 305 3082 aere,
319 3017 366 3071 sed
383 3032 508 3090 argenteo
524 3038 635 3073 nummo
649 3023 676 3074 in
722 3021 757 3072 tis
771 3021 798 3071 in
815 3024 884 3071 iantts
893 3033 954 3072 sunt
968 3020 1001 3071 nb
1017 3037 1079 3070 uxor

167 3098 285 3168 singulos
304 3096 360 3150 dies
382 3099 520 3167 pesoluti.
543 3100 612 3152 Hinc
633 3101 678 3154 itta
722 3101 819 3170 petita,
842 3119 899 3171 quae
915 3119 998 3170 quum
1019 3110 1079 3150 esset

167 3178 299 3230 Pannonii
313 3178 403 3230 militis
417 3177 490 3248 apud
500 3179 621 3234 Tacitum
633 3199 678 3235 ex·
721 3198 777 3232 asse
792 3180 819 3232 in
836 3199 881 3232 sus
893 3180 989 3232 familis
1000 3219 1006 3240 ,
1018 3179 1079 3230 muri

168 3257 324 3329 postulatio,
341 3258 435 3311 Annei.
450 3258 497 3311 lib.
516 3260 545 3324 1,
559 3279 619 3331 pag.
635 3279 678 3332 17,
722 3278 803 3330 opes,
819 3260 909 3312 liberis
925 3259 1042 3329 opimam
1060 3258 1079 3309 h

166 3357 217 3391 cur
236 3335 329 3390 decem
348 3356 429 3390 aereos
448 3357 515 3391 usses
534 3341 677 3412 reciperet,
722 3340 830 3392 offerret
849 3359 910 3392 cum
933 3339 1051 3390 nomine.
1075 3343 1079 3388 t

167 3436 222 3470 nou
235 3415 387 3480 denarium,
399 3431 428 3470 ut
439 3418 502 3469 olim
515 3433 680 3490 argenteum,
721 3414 811 3472 'siauus
821 3439 836 3471 a
848 3419 973 3489 Vespasia
988 3420 1079 3488 conjug

166 3516 246 3569 quem
260 3495 374 3550 sedecim
387 3494 484 3550 deinde
494 3500 594 3552 assibus
605 3502 680 3554 aereis
722 3512 788 3551 netu
803 3501 897 3569 major.
914 3500 956 3551 cui
971 3497 1074 3550 addicta

167 3589 345 3648 permutaret,
360 3589 389 3628 ut
401 3577 438 3629 sic
451 3595 529 3631 senos
541 3598 609 3632 usses
621 3599 681 3651 pos·
722 3591 762 3632 tas
781 3579 882 3644 fuerat,
899 3580 977 3631 Titus
990 3580 1077 3648 Vespa

167 3670 206 3709 set
219 3657 327 3711 lucrari.
340 3654 411 3708 Vide
425 3655 570 3725 Budaeum,
581 3660 628 3712 lib.
643 3663 679 3727 V,
723 3658 891 3711 Domitianus
905 3678 918 3710 u
937 3661 1049 3727 conjuge
1065 3659 1079 3707 [

167 3733 202 3788 de
215 3754 286 3798 esse,
301 3749 328 3788 et
343 3737 487 3791 Hotoman.
503 3757 563 3809 pag.
579 3740 624 3792 63.
644 3742 679 3794 H.
723 3738 781 3791 Scin
791 3739 900 3791 Seianus
911 3738 1079 3791 :sVaieriai

209 3821 256 3878 41.
281 3817 348 3869 Notn
374 3822 476 3886 argenti.
498 3818 601 3890 Nempe
622 3836 680 3890 quae
725 3820 882 3872 Aurelianus
893 3820 927 3872 ab
939 3817 1047 3870 Aurelia
1058 3817 1079 3869 S·

169 3907 226 3947 tum
252 3897 326 3965 jussu
354 3910 459 3950 senatus
486 3911 526 3952 est
554 3898 681 3969 impressa
725 3900 763 3953 sic
777 3899 925 3952 nliiomnes
939 3899 967 3951 in
978 3897 1080 3949 nummi

167 3974 289 4045 pecunie
302 3994 386 4030 ηοω.
410 3978 523 4031 Festus:
542 4004 554 4026 ι
570 3979 681 4033 Nummi
725 3980 906 4046 Quamobrem
921 3979 1031 4032 interest
1046 3978 1079 4031 hc
