2686 4816
159 362 203 434 52
427 315 472 433 ‘a
499 365 669 447 aaran
695 367 804 437 nar.
834 369 960 436 msa.

158 496 336 570 Alexandri
355 497 472 591 Magni
492 497 688 591 praefectum
706 499 816 568 aurcis
832 498 934 568 clavis
951 498 1108 595 suffigere
1122 505 1234 598 crepi-

157 606 226 675 das.
249 605 415 673 Antonius
428 603 518 697 apud
532 628 594 673 nos
609 607 642 673 iu
664 604 900 674 contumeliam
922 620 1051 675 naturae
1070 608 1234 678 vilitatem

158 736 240 782 auro
255 710 350 793 fecit,
362 711 608 806 proscriptione
622 699 805 808 diguum¹⁸,
818 712 876 780 sed
895 715 1048 807 Spartaci
1057 713 1090 782 ¹⁹.

126 844 136 876 1
212 819 291 887 XV.
313 815 477 910 Equidem
508 819 612 886 miror
638 817 799 913 populum
822 843 999 887 romanum
1016 820 1110 891 victis
1132 824 1237 916 genti-

158 929 220 997 bus
239 926 273 993 in
293 923 419 992 tributo
435 948 566 1018 semper
582 938 758 1019 argentum
775 926 997 1020 imperitasse,
1008 951 1077 994 non
1091 940 1234 996 aurum:

158 1038 246 1104 sicut
266 1029 478 1124 Carthagini'
509 1049 586 1098 cnm
615 1029 802 1100 Hannibale
824 1033 921 1100 victae
944 1032 1095 1126 argenti²
1117 1057 1171 1103 xrr
1195 1057 1236 1103 n.

158 1181 254 1220 aureos
281 1159 369 1214 claros
396 1157 512 1230 crepidis
541 1161 676 1232 subjectos
733 1207 736 1213 .
757 1162 820 1214 XV.
836 1179 861 1214 r.
877 1160 946 1214 Sicut
961 1161 1117 1232 Carthagini.
1131 1164 1238 1235 Appia·

159 1243 262 1299 babuit.
281 1265 293 1288 ι
306 1239 398 1293 Simile
411 1253 437 1293 et
452 1239 527 1309 quod
540 1239 576 1294 de
587 1242 676 1311 Ephe·
716 1260 768 1294 uus
783 1242 812 1294 in
827 1241 922 1296 Punic.
937 1260 998 1313 pag.
1011 1243 1057 1306 30,
1073 1244 1145 1297 ricto
1155 1245 1195 1298 ait
1206 1245 1237 1296 in

159 1327 198 1379 aio
218 1320 362 1374 Theotimo
377 1319 485 1372 Plautus
503 1320 531 1372 in
547 1320 676 1374 Bacchid.
719 1321 810 1375 Africa
823 1320 985 1386 Hannibale,
1000 1342 1014 1375 a
1027 1324 1057 1376 P.
1078 1324 1161 1377 Corn.
1181 1323 1241 1377 Sci·

159 1417 210 1460 act.
222 1403 266 1465 11,
279 1419 316 1453 sc.
330 1400 358 1464 3,
368 1418 436 1452 vers.
447 1401 482 1467 98
496 1417 502 1450 :
518 1426 529 1447 ι
542 1401 597 1465 Qui
607 1419 675 1453 auro
717 1401 820 1471 piane,
836 1394 911 1453 betto'
923 1402 1027 1454 Punico
1039 1403 1174 1468 secundo,
1187 1405 1240 1456 iur-

70 1473 72 1479 ’
158 1482 273 1539 habebat
282 1480 366 1533 soccis
377 1480 534 1550 subpactum
547 1481 644 1534 solum.
660 1505 672 1526 ι
720 1493 840 1551 peratum
872 1481 1136 1553 Carthaginiensibus
1168 1484 1241 1536 inter

159 1566 241 1619 Forte
254 1589 265 1611 ι
281 1577 394 1614 aureum
408 1559 513 1622 solnm,
529 1584 541 1606 ι
558 1560 610 1612 hoc
622 1573 677 1626 est,
718 1572 825 1614 ceteras
840 1559 1009 1614 conditiones
1029 1562 1115 1632 pacis,
1135 1575 1166 1616 nt
1180 1564 1237 1617 sin·

160 1640 266 1698 aarum
281 1639 450 1693 calceamenti
464 1639 572 1694 soleam.
588 1640 676 1704 Festo,
718 1640 789 1711 galis
801 1640 878 1693 annia
887 1639 1001 1694 ducenta
1014 1643 1111 1694 talenta
1119 1644 1240 1695 Euboica

164 1752 176 1773 a
189 1726 290 1778 clarata
304 1718 432 1772 dicuntur
442 1719 612 1773 calciamenta
623 1721 677 1772 cla·
719 1738 768 1792 per
783 1738 869 1772 annos
884 1721 1079 1793 quinquaginta
1092 1722 1119 1774 in
1134 1722 1239 1776 Urbem

162 1806 201 1858 ris
213 1800 335 1857 confixa:
352 1825 363 1846 ι
379 1810 404 1850 et
419 1798 493 1851 luere
506 1799 597 1870 caligae
607 1800 679 1852 mili·
719 1799 873 1853 afferrentt
895 1801 948 1852 Kal
973 1804 997 1862 Ie
1017 1791 1104 1871 ῥώμην
1130 1804 1240 1855 ἑκάστου

161 1898 231 1938 taras
247 1879 328 1934 clavis
353 1877 469 1943 suffixa,
486 1877 532 1930 sed
548 1893 577 1932 nt
593 1878 678 1933 hodie
720 1878 1242 1950 ΙτουςὰναφέρεινΕὑΰοιικὰτσίλανταδια-

162 1963 339 2022 rusticorum,
353 1957 453 2011 terrea.
467 1955 559 2011 liano.
720 1961 810 2020 niara,
822 1960 863 2012 ini
877 1961 1033 2015 aiveinana
1047 1961 1181 2022 ἐνιαυτούς.
1198 1963 1243 2015 Sic

206 2045 252 2096 ιθ.
277 2041 347 2110 Opus
369 2041 545 2108 proscriptione
568 2039 677 2108 diguam.
721 2053 748 2092 ct
768 2038 870 2091 Livius.
888 2039 1037 2093 ntassiniaa
1057 2041 1125 2110 ipse,
1144 2042 1243 2094 Poenos

164 2123 215 2177 Sed
232 2131 324 2193 praeter
343 2119 393 2169 alia
414 2118 535 2190 equidem,
555 2131 605 2171 etc.
626 2115 679 2180 (sic
722 2117 840 2170 devictos
860 2120 961 2190 argenti
981 2122 1102 2192 quinque
1120 2121 1243 2174 millibus

164 2192 306 2276 priua).1n
320 2211 372 2251 ret.
387 2196 448 2250 eod.
465 2214 554 2268 ·opus
568 2199 682 2268 proseri·
722 2196 815 2269 pondo
829 2198 962 2262 multavit,
984 2213 1049 2253 teste
1066 2199 1162 2253 eodem
1186 2204 1243 2271 Ap-

163 2284 256 2356 ptione
265 2279 389 2351 dignum,
400 2276 447 2330 sed
458 2277 588 2348 Spartaci.
599 2278 681 2348 Equi·
721 2279 803 2350 piano
811 2317 819 2343 ,
827 2297 854 2348 p.
865 2284 912 2341 is.
923 2277 1002 2349 Apud
1010 2280 1069 2333 Lir.
1080 2280 1243 2344 XXXVIII,

164 2363 227 2417 dem
241 2361 326 2414 miror
338 2357 488 2429 populum,
503 2369 577 2409 etc·
600 2358 680 2410 Pirr.
722 2356 796 2430 quod
819 2357 899 2409 AEtoli
918 2358 1052 2413 redimere
1072 2375 1183 2431 argento
1197 2380 1246 2432 pa·

166 2441 400 2510 -·Proscriptione
411 2438 519 2508 dignam.
537 2439 603 2490 Rem
618 2456 682 2509 pro·
723 2455 782 2492 cem
799 2451 844 2490 aut
859 2436 974 2503 nollent,
987 2453 1097 2492 autnon
1107 2441 1245 2506 valerent,

165 2522 310 2594 scriptione
322 2517 541 2589 dignamllsnu.
725 2518 816 2589 iniqua
833 2518 956 2587 imposita
980 2518 1114 2583 conditio,
1141 2546 1152 2567 ι
1171 2532 1201 2572 ut
1222 2521 1245 2572 si

211 2622 254 2670 ¹9·
278 2599 330 2653 Sed
347 2597 468 2667 Spartaci.
497 2597 616 2666 Dignus,
641 2596 683 2649 in·
724 2595 1245 2660 anrunrdaremallent,·facerentsane:

166 2681 236 2754 quit,
252 2679 387 2732 Antonius
398 2678 444 2747 qni
460 2677 495 2730 ob
505 2677 557 2728 hoc
572 2677 685 2746 proscri-
729 2703 740 2725 ι
757 2675 822 2728 dam
836 2695 887 2746 pro
897 2679 1028 2748 argenteis
1040 2678 1134 2732 decem
1145 2697 1247 2732 aurens

166 2764 286 2823 beretur,
299 2777 353 2810 nou
367 2776 382 2808 a
397 2757 483 2828 Sylla,
499 2756 585 2808 aliove
599 2756 683 2808 consi·
725 2775 796 2809 unus
806 2754 924 2809 'valeretz
940 2785 951 2804 ι
965 2778 1048 2829 qnam
1059 2760 1163 2829 jusitnm
1178 2773 1248 2812 esset

168 2840 240 2906 mili,
254 2837 299 2893 sed
312 2858 327 2891 a
341 2838 468 2908 Spartaco
488 2835 634 2905 gladiatore
655 2854 684 2889 ac
726 2854 837 2889 aureum
849 2854 933 2888 unum
945 2840 1078 2909 argenteis
1089 2839 1178 2891 multo
1187 2840 1247 2908 plu·

167 2921 297 2993 fugitivo,
309 2918 355 2990 qni
368 2917 458 2970 castris
469 2915 522 2967 suis
535 2914 685 2980 interdixit,
726 2917 801 2970 ribus
810 2916 942 2978 aestimari.
956 2915 1045 2970 liano.
1054 2917 1174 2970 —Sicat
1183 2919 1247 2971 Car»

168 3021 202 3054 ne
217 3000 277 3073 qais
293 3003 389 3052 aurum
407 2997 517 3048 baberet
534 3008 578 3046 ant
590 3013 685 3067 argen·
728 2998 824 3065 dragini
839 3016 891 3046 cam
906 2998 1047 3049 Hannibale
1061 3001 1134 3052 nicta
1148 3005 1249 3066 argenti

170 3094 238 3135 tum.
248 3077 382 3129 tiran-
390 3076 685 3146 Proscriptionedignanr,
725 3076 808 3148 pondo
820 3096 902 3127 annua
922 3081 947 3128 ia
961 3083 1137 3150 quirtqaagt'nta
1158 3099 1246 3130 annos.

169 3161 214 3214 sed
225 3157 347 3230 Spartaci.
364 3157 480 3230 Equidem
493 3159 574 3220 miror,
587 3168 638 3209 etc.
652 3158 686 3209 In
729 3157 770 3209 Ita
783 3156 846 3208 libri
856 3174 948 3209 ornnes
957 3159 1012 3210 iere
1026 3171 1083 3211 tum
1096 3159 1176 3213 MSS.
1189 3172 1248 3212 tum

170 3239 245 3294 libris
251 3237 375 3309 vulgatis,
388 3262 399 3284 ι
412 3255 480 3309 opus
490 3236 687 3307 proscriptione
730 3234 807 3289 editi.
822 3236 918 3288 Nullus
932 3250 1003 3290 certe
1018 3251 1133 3309 quantus
1148 3239 1194 3292 ille
1206 3257 1248 3292 ar·

169 3321 288 3392 dignum.
310 3315 362 3371 Sed
377 3330 474 3387 prater
487 3316 537 3368 alia
557 3315 684 3387 equidem
719 3317 801 3386 'genti
827 3334 956 3368 numerus
977 3318 1074 3383 suerit,
1095 3317 1186 3373 docet.
1206 3321 1248 3384 la,

170 3402 264 3463 miror,
277 3425 288 3445 .
307 3396 492 3470 pessumdata,
513 3408 542 3449 ut
559 3409 685 3466 apparet,
703 3402 705 3407 ’
729 3413 813 3468 quam
824 3395 1248 3451 ducentorumiaisseannuoram

169 3476 687 3547 seutentireomnielegantia,qnaaSpar·
730 3477 890 3528 talentorum
907 3476 934 3527 in
951 3477 1143 3550 qninquaginta
1164 3497 1250 3532 annos

171 3561 221 3614 taci
240 3560 285 3613 illa
306 3557 499 3630 proscriptione
522 3556 685 3619 continetur,
730 3557 867 3626 prioribus
891 3559 961 3608 notis
989 3576 1021 3610 ex
1049 3559 1173 3628 Appiano
1199 3557 1250 3610 do·

172 3653 202 3693 ut
215 3637 434 3710 interpretatione
446 3649 536 3688 nostra
549 3637 687 3706 prioribus
731 3636 883 3700 currimns,
899 3637 1031 3707 Livioqne
1049 3655 1056 3689 :
1072 3637 1145 3690 band
1167 3636 1251 3690 dubie

173 3721 243 3772 notis
252 3716 423 3771 ostendimus.
435 3718 539 3769 Habent
548 3715 689 3779 hasvoces,
734 3735 823 3768 annua
838 3715 981 3769 duodecim
995 3716 1085 3788 pondo
1098 3717 1180 3771 millia
1194 3735 1251 3770 csse

173 3800 216 3851 sed
228 3797 342 3868 Spartaci
347 3837 353 3857 ,
371 3795 476 3850 codices
490 3794 687 3866 probatissimi,
735 3798 886 3866 oportuisse
897 3798 1065 3868 perspicuum
1075 3811 1122 3850 est.
1133 3797 1168 3851 H.

173 3882 238 3949 Reg.
252 3878 441 3948 a,cseterique,
453 3889 552 3947 ctqaos
562 3873 688 3938 vidimus,
778 3896 803 3928 s.
827 3878 936 3945 Argenti
958 3879 1049 3946 pondo.
1076 3878 1115 3928 Ut
1141 3875 1251 3948 quidem

173 3972 201 4012 et
230 3977 297 4029 quos
318 3968 465 4009 tractarunt
492 3955 631 4008 Pintianus
658 3973 688 4007 ao
735 3956 875 4026 Appianas
897 3956 1042 4028 Liuiusque
1064 3956 1175 4022 dixere,
1201 3956 1251 4009 du-

174 4041 314 4095 Barbarus.
326 4037 416 4090 Ilaan.
736 4047 813 4088 centa
828 4037 941 4101 talenta,
956 4050 985 4089 ut
1001 4038 1081 4108 paulo
1095 4055 1176 4108 supra
1194 4055 1252 4090 nro·
