2686 4816
277 339 327 428 aa
547 340 588 408 c.
614 338 783 410 enirn
807 286 916 410 uari
938 338 1070 409 ursa.

277 485 352 555 loco
373 466 602 552 habebatur⁴⁷.
625 459 819 552 Est'auiem
842 483 990 576 signatus
1014 482 1182 570 Victoria,
1209 507 1229 552 e

277 612 411 661 nomen.
447 593 574 656 Aureus
598 612 754 659 nummus
775 603 853 684 post
878 612 1003 657 annum
1035 574 1148 657 ωιιι48
1172 612 1229 683 per

276 713 344 786 est,
357 719 457 792 quam
472 707 665 789 argenteus,
679 696 725 764 ita
736 710 776 764 ut
792 692 985 789 scrupulum
993 681 1019 732 ⁴⁹
1028 693 1154 764 valeret
1164 709 1229 766 sest

315 889 461 961 47.Merer's
470 888 671 942 hcobabebatrtr.
681 889 742 960 Dig.
752 888 788 942 ad
833 907 888 942 mas
912 887 938 942 ei
960 889 1032 942 bello
1058 889 1177 960 gerendo
1200 911 1229 963 op

275 971 358 1025 Corn.
377 967 412 1022 de
424 968 494 1024 Fals.
512 967 530 1020 l.
555 986 593 1037 9,
609 965 625 1030 S
643 988 676 1034 a,
694 968 788 1039 prohi·
833 969 961 1022 Consules
974 982 1032 1021 tuna
1043 969 1166 1023 fuereM.
1176 971 1229 1023 Liv,

275 1053 355 1105 betur
374 1067 409 1102 ne
428 1047 488 1120 quis
504 1065 630 1100 nummos
644 1059 786 1112 stanneos,
831 1046 1229 1114 natorsecundum,C.Cluudir

275 1129 428 1203 plumbeos,
451 1144 553 1190 emere,
575 1124 704 1190 rendere,
724 1126 788 1180 dolo
833 1127 924 1180 litun.

274 1211 345 1263 malo
363 1208 462 1261 vellet:
481 1204 570 1276 quod,
588 1219 618 1259 ut
638 1207 673 1260 sit
693 1206 786 1258 Volus.
873 1207 920 1276 49,
942 1207 983 1259 Ita
1003 1219 1032 1259 ut
1049 1209 1194 1279 scrupulum.
1217 1209 1229 1262 ξ

273 1289 406 1343 Metiauus
425 1286 473 1338 lib.
493 1285 528 1338 de
545 1304 611 1345 asse.
630 1285 787 1357 peregrinus
831 1284 908 1338 MSS.
920 1286 1229 1360 babent,scripalum‚qu

273 1386 413 1429 nummus,
428 1377 493 1435 puta
512 1365 639 1427 Doricus,
655 1364 787 1436 Philippi·
831 1365 949 1418 interest.
962 1366 1043 1418 Libra
1056 1386 1139 1439 porro
1154 1368 1227 1439 scrip

273 1464 335 1514 eus,
353 1445 454 1511 Siclus,
469 1443 700 1506 Tetradraehurou
714 1444 787 1497 Atti·
831 1445 899 1498 tinet
920 1445 982 1498 288.
1004 1447 1085 1498 Aurei
1105 1448 1221 1516 cujusvis

272 1545 335 1581 cum
362 1525 457 1578 mercis
481 1525 541 1577 loco
569 1537 643 1576 esset.
667 1522 785 1578 Brissou.
830 1525 986 1596 scrupulum
998 1525 1229 1580 estimabaturvic

273 1606 320 1661 lib.
341 1607 371 1669 1,
392 1623 450 1675 cap.
467 1605 494 1656 8.
507 1633 547 1644 -
560 1603 615 1656 Ubi
631 1615 721 1657 tamen
737 1622 787 1655 no·
829 1605 901 1674 genti
921 1604 1059 1668 sestertiis,
1080 1605 1149 1670 sive,
1160 1623 1229 1675 vquor

272 1685 395 1742 tandum,
409 1696 455 1736 aut
465 1703 479 1737 a
489 1682 604 1736 Brisson.
617 1694 664 1736 aut
678 1681 786 1736 alibra-
829 1695 881 1747 cst,
896 1681 1012 1737 denariis
1023 1685 1149 1755 quinque,
1161 1684 1229 1739 Luct

271 1767 313 1819 rio
322 1760 531 1828 erratum3dum
541 1760 570 1813 id
580 1759 653 1833 quod
663 1775 785 1816 veterum
828 1761 907 1833 hujus
934 1762 973 1816 rei
1009 1765 1189 1816 testimonium
1221 1785 1230 1837 1

270 1845 424 1916 principum
444 1840 542 1896 solidos
562 1860 671 1913 quoque
689 1843 785 1896 mercis
828 1843 932 1895 nummi
950 1843 1023 1895 aurei
1036 1842 1109 1906 duo,
1125 1863 1192 1915 quos
1207 1865 1229 1898 v:

269 1926 330 1979 loco
341 1925 421 1977 luisse
431 1938 464 1974 ex
474 1923 492 1973 l.
502 1940 527 1985 1,
537 1919 566 1973 C.
578 1920 612 1973 de
622 1933 675 1974 vet.
685 1921 783 1976 numis.
827 1933 885 1974 tum
900 1922 928 1974 in
944 1923 1111 1976 Bibliotheca
1128 1925 1225 1993 Regia,

270 2017 327 2076 pot.
345 2016 462 2057 astruere
476 2004 596 2054 conatur.
616 2001 654 2053 Ea
667 2019 783 2073 uanique
828 2001 922 2054 Museo
941 2002 970 2055 S.
991 2002 1158 2055 Genovefae:
1179 2005 1230 2056 tlte

269 2083 309 2136 nil
324 2082 398 2137 aliud
411 2094 530 2145 cautum,
547 2098 626 2152 quam
646 2093 677 2134 ut
693 2078 784 2134 vendi·
827 2080 916 2133 mulus
933 2095 971 2134 est
982 2082 1060 2135 unius
1073 2084 1194 2154 scrupuli
1205 2102 1229 2154 p.

218 2166 221 2178 '
269 2176 315 2216 tor
337 2163 417 2235 pretii
441 2161 502 2214 loco
528 2173 649 2213 veterum
673 2179 782 2232 quoque
826 2159 878 2213 boc
899 2174 952 2225 est,
972 2180 1131 2232 granorum,
1149 2175 1179 2214 ut
1193 2163 1229 2216 lor

268 2243 422 2316 principum
436 2259 560 2295 nummos
573 2239 693 2311 recipere
704 2258 783 2312 coga-
825 2240 905 2293 unius
920 2253 946 2292 et
962 2241 1101 2293 vicenum:
1117 2243 1227 2313 epigrap

268 2336 320 2376 tur.
340 2321 412 2376 Illud
432 2334 518 2375 auteur
540 2331 630 2391 aperte
649 2319 782 2374 evincitur
824 2319 1025 2391 szpretiurn
1042 2322 1170 2392 geminata
1184 2323 1227 2376 litt

267 2420 322 2455 non
342 2403 368 2455 iu
383 2416 502 2456 veterum
518 2398 781 2472 tantum‚sedquo·
825 2398 978 2469 planissime
1004 2400 1137 2472 signatum
1154 2419 1161 2453 z
1176 2401 1229 2472 qui«

267 2483 367 2535 rumris
378 2481 469 2534 solidis
484 2499 515 2532 ex
531 2481 549 2532 l.
563 2498 611 2532 un.
627 2479 659 2532 C.
674 2478 779 2533 Theod.
825 2478 897 2532 aliud
916 2499 945 2532 ea
966 2493 1030 2532 uota
1048 2482 1129 2546 velit,
1143 2501 1223 2553 quam

266 2563 286 2616 l.
303 2579 335 2630 9,
349 2562 390 2613 tit.
409 2572 494 2623 21‚et
509 2559 528 2609 Ι.
554 2577 584 2621 a,
603 2559 644 2610 tit.
661 2578 688 2627 7,
700 2560 718 2611 l.
735 2578 779 2613 rs.
823 2559 958 2623 sestertiis,
967 2561 1038 2612 utait
1047 2560 1158 2625 Plinius,
1166 2562 1229 2614 restit

266 2640 406 2705 Quibusin
416 2636 694 2691 locissolidorumtam
705 2657 779 2709 aper·
823 2639 897 2690 Alter
912 2641 1071 2707 majusculus
1090 2639 1209 2710 pondere
1227 2669 1229 2687 ι

267 2733 293 2772 ta
314 2718 434 2781 mentio,
456 2731 485 2770 ut
505 2717 565 2768 satis
586 2715 712 2769 demirari
732 2736 779 2770 ne·
823 2717 905 2788 triplo
916 2720 1029 2788 majore,
1042 2721 1094 2771 hoe
1107 2720 1229 2783 est,triur

266 2818 371 2871 queam,
381 2797 445 2870 quid
456 2796 609 2848 bominibus
619 2796 777 2867 quibusdam
823 2797 966 2866 polorum,
985 2817 1031 2851 seu
1046 2818 1189 2871 granorum
1202 2819 1229 2853 se

265 2878 395 2931 hodierna
416 2876 460 2929 die
479 2877 506 2927 in
530 2888 647 2928 mentem
667 2877 776 2929 veniat:
822 2876 902 2929 trium
920 2896 926 2930 ι
945 2877 1026 2947 igitur
1042 2897 1186 2948 sexagenos
1203 2898 1229 2931 se

264 2959 305 3010 uti
318 2956 388 3010 aliud
405 2956 515 3008 summis
531 2973 639 3027 quoque
650 2956 778 3027 principi·
823 2957 910 3009 valere
920 2974 1026 3010 necesse
1036 2971 1086 3022 est,
1097 2960 1166 3024 sive,
1177 2978 1229 3029 quo

263 3040 315 3090 bus
325 3035 494 3107 persuadere,
513 3054 597 3106 eaque
611 3053 639 3087 re
654 3035 718 3087 viris
731 3037 776 3088 bo·
820 3049 872 3096 est,
899 3035 1022 3088 denarios
1041 3037 1194 3108 quindecim
1211 3056 1220 3090 τ

262 3118 304 3170 nis
333 3117 481 3187 periculum
513 3133 603 3168 creare
634 3128 773 3168 conentur.
820 3114 937 3168 tamdem
954 3117 1042 3169 valere
1053 3136 1115 3169 sane
1132 3118 1229 3171 clamat

263 3196 369 3252 Rectius
385 3197 478 3266 utique
499 3193 606 3257 facturi,
621 3193 641 3245 si
659 3206 705 3247 aut
723 3195 774 3265 ipsi
819 3213 855 3247 rae
870 3196 921 3247 XV
933 3194 1033 3248 ibidem
1047 3197 1229 3267 insculptaeil

261 3276 318 3329 haec
342 3275 495 3347 diligentius
515 3274 704 3343 investigarent
728 3286 775 3327 aut
859 3274 902 3328 50.
924 3274 1044 3327 Sestereiis
1058 3279 1158 3330 vicenis.
1180 3277 1226 3342 Qu

260 3357 432 3409 consulerent
445 3375 500 3414 eos,
516 3354 613 3423 quibus
626 3353 683 3406 bare
696 3366 774 3418 nota,
818 3355 923 3407 stertios
935 3355 963 3405 iu
980 3374 1082 3408 summa
1095 3357 1182 3425 aliqua
1197 3356 1229 3409 de

260 3426 432 3507 antiquarios.
446 3435 476 3486 ln
492 3433 606 3504 Collybo
622 3445 693 3485 certe
705 3451 773 3486 sem·
818 3432 850 3485 da
873 3431 961 3497 audis,
981 3433 1153 3499 denarium,
1176 3455 1229 3489 carr

260 3535 309 3587 per
329 3516 381 3568 boc
400 3515 488 3586 ipsum
506 3512 682 3565 necessarium
702 3531 773 3575 esse,
818 3512 949 3583 intelligas
965 3513 1036 3584 apud
1057 3515 1153 3567 latinos
1173 3518 1229 3587 scri

259 3596 305 3665 qui
326 3606 420 3666 neget,
441 3593 583 3664 Anticyras
602 3590 773 3663 ablegandus.
817 3610 896 3662 quam
915 3611 981 3663 quos
993 3594 1100 3664 antiqua
1115 3595 1229 3661 taxatio,

261 3674 364 3727 Dauno.
817 3671 897 3724 minis
913 3673 1055 3742 originatio
1068 3675 1124 3745 ipsa
1141 3673 1229 3728 declar

301 3758 348 3817 48.
364 3754 423 3804 Post
437 3771 526 3804 aarum
538 3751 626 3803 LXII.
638 3750 697 3802 Hoc
718 3763 771 3813 est,
817 3750 868 3820 ipsi
884 3765 1005 3805 auctores
1016 3754 1092 3806 aliter
1108 3755 1228 3825 accipien

258 3852 328 3886 anno
342 3845 403 3903 post
416 3833 482 3886 Urb.
498 3829 632 3885 conditam
648 3829 664 3882 5
669 3835 683 3892 a
687 3847 712 3899 7,
726 3830 772 3901 qui
816 3849 894 3884 voces
907 3830 1081 3897 admoneant,
1097 3833 1170 3903 quod
1183 3848 1223 3888 est

258 3910 472 3965 tertiusdecimus
485 3912 536 3963 luit
548 3911 611 3964 belli
626 3907 719 3963 Punici
733 3928 772 3962 se·
816 3908 880 3963 dum
895 3911 1057 3983 infrequens.
1072 3914 1165 3984 Itaque
1181 3927 1229 3968 sest

257 3991 356 4057 eundi,
371 4009 453 4062 quum
467 3990 600 4059 impensas
614 3989 673 4042 lieri
687 3988 770 4041 maxi·
815 4008 865 4058 pro
887 3989 1026 4062 dupondio
1047 4011 1077 4044 ae
1096 3994 1205 4046 semisse
1223 4016 1229 4044 ι
