2686 4816
164 348 231 419 ili.
434 350 472 414 C.
499 349 666 417 PLlNll
692 349 800 416 NAT.
828 346 955 416 lllST.

160 486 196 552 P.
223 465 457 574 Sempronio¹³
482 482 619 575 longo,
644 484 682 549 L.
704 479 853 575 Sulpicio
876 473 1081 552 consulibus.
1104 481 1245 554 Flavius

158 591 253 658 vovit
273 585 378 656 sedem
397 586 613 673 Concordia,
628 589 654 656 si
673 586 798 682 populo
821 585 1067 657 reconciliasset
1087 589 1239 661 ordines.

159 701 202 767 Et
214 719 319 789 quum
334 692 377 762 ad
396 692 430 762 id
439 695 580 788 pecunia
599 693 733 789 publica
750 719 819 763 uon
828 693 1075 781 decerneretur,
1095 721 1136 765 ex
1153 698 1244 767 mul-

70 858 73 865 ,
156 803 261 874 latitia
273 800 515 871 feneratoribus
531 801 761 871 ooudemuatis
778 799 953 870 oediculam
967 825 1088 871 aeream
1108 803 1191 873 fecit
1204 805 1243 873 iu

155 898 402 991 Graeoostasi¹⁴,
425 932 499 1002 quae
517 922 598 977 tunc
617 932 718 1002 snpra
740 908 922 977 Comitium
945 923 1028 977 erat.
1050 909 1242 1005 luciditque

157 1018 191 1085 iu
211 1012 330 1084 tabella
351 1038 436 1083 aerea
452 1039 526 1101 eam
543 1013 667 1100 aedem,
688 1015 845 1084 trecentis
860 1000 1032 1107 quatuor¹⁵
1045 1017 1139 1087 annis
1161 1032 1242 1111 post

157 1120 378 1216 Capitolinam
388 1105 422 1207 ¹⁶,
436 1120 633 1191 dedicatam.
655 1124 707 1190 lta
725 1143 929 1191 ccccxsvur
950 1145 970 1189 a
992 1120 1126 1191 condita
1141 1123 1240 1193 Urbe

158 1243 288 1324 gestum
304 1242 377 1297 est:
399 1242 434 1296 et
447 1230 592 1322 primum
613 1226 790 1297 anulorum
810 1228 987 1322 vestigium
1006 1242 1137 1298 exstat:
1157 1255 1239 1325 pro·

159 1337 273 1405 miscui
288 1349 398 1403 autem
412 1359 491 1402 usus
509 1333 650 1404 alterum
661 1334 683 1375 ¹⁷
695 1334 842 1404 secundo
856 1334 984 1403 Punico
1000 1332 1108 1405 bello:
1128 1360 1239 1430 noque

156 1445 246 1511 anim
270 1441 365 1509 aliter
386 1443 571 1534 potuissent
598 1441 752 1510 trimodia
778 1440 833 1509 illa
864 1438 1042 1509 anulorum
1063 1442 1240 1538 Cartbagi-

156 1609 249 1661 Livius
265 1608 325 1659 loco
351 1606 474 1678 proxime
500 1607 589 1660 allato·
624 1607 673 1660 Pa·
718 1607 799 1677 paulo
817 1618 892 1678 post,
910 1606 1238 1662 ·1uccccxt.vms

156 1689 237 1741 tuisse
250 1685 363 1740 credunt
380 1699 500 1739 scuatum
520 1707 574 1739 non
591 1688 674 1758 patri·
718 1686 826 1740 condita
836 1686 942 1751 Urbe,·
955 1685 1036 1740 iidem
1049 1687 1113 1740 libri
1124 1686 1236 1741 babent.

156 1768 204 1823 ciis
215 1767 313 1830 modo,
334 1764 381 1819 sed
400 1778 426 1819 et
441 1767 561 1837 plebeiis.
580 1767 673 1821 Livius
719 1769 813 1838 Itaque
825 1764 973 1838 quidquam
988 1766 1238 1840 immutsrsreligio

156 1848 237 1920 paulo
246 1860 324 1900 ante:
342 1874 352 1893 ·
362 1846 482 1899 Flavium
488 1846 599 1907 udixerat
610 1846 673 1900 aedi·
718 1847 787 1907 luit,
801 1846 905 1899 temetsi
923 1846 1008 1899 Fastis
1022 1847 1059 1898 sic
1071 1848 1238 1918 reposcenti·

90 1913 93 1925 Ι
157 1930 210 1981 lem
229 1927 342 1980 forensis
358 1926 451 1992 factio,
472 1925 552 1998 Appii
565 1927 672 1979 Claudii
718 1929 776 1979 bus.
793 1928 885 1980 niso.
902 1955 942 1970 ·-
956 1926 1030 1979 Brot.
1047 1927 1158 1980 dmum
1175 1948 1236 2000 qus·

156 2026 270 2060 censura
285 2007 356 2058 vires
375 2019 466 2068 nacta,
488 2007 534 2077 qui
553 2019 672 2059 sanatum
720 2020 784 2070 tuor,
801 2019 846 2059 ant
860 2009 980 2058 trecentis.
995 2006 1049 2057 Eu.

156 2088 260 2158 primas
270 2086 460 2138 libertinorum
475 2087 535 2138 liliis
548 2087 622 2139 lectis
633 2087 674 2138 in·
763 2089 806 2141 ιδ.
823 2088 886 2138 Post
904 2085 1078 2155 Capitolinam.
1102 2085 1162 2139 llos
1177 2099 1234 2150 ast,

156 2169 337 2241 quinarium.-
355 2166 444 2218 Hsnn.
719 2181 779 2238 post
788 2160 1237 2237 Capitolinam'aedemdedioutsm,

200 2249 245 2301 13.
261 2247 291 2297 P.
314 2245 464 2316 Sempronio.
488 2248 566 2297 Anno
592 2246 676 2298 Urbis
719 2246 747 2299 id
778 2244 853 2315 quod
877 2242 993 2317 proinde
1021 2245 1120 2298 lectum
1151 2247 1236 2301 foisse

156 2326 272 2382 conditu
289 2333 356 2396 649,
372 2338 402 2377 ut
422 2344 485 2378 mox
501 2323 616 2379 dicetur.
638 2325 672 2378 H.
717 2344 788 2379 anno
809 2326 883 2378 urbis
908 2327 1001 2379 Romae
1022 2331 1094 2389 stt,
1117 2344 1148 2378 so
1170 2344 1238 2396 pro,

159 2440 196 2452 -
210 2408 266 2460 Hoc
279 2421 358 2458 aceram
375 2405 406 2457 P.
422 2404 563 2477 Sempronio
576 2407 671 2476 Longo,
720 2405 782 2459 inde
805 2406 855 2458 sub
882 2405 1033 2476 Tarquinio
1058 2405 1163 2468 Prisco,
1184 2406 1238 2460 Pli-

156 2490 186 2540 L.
215 2489 324 2557 Sulpicio
346 2504 407 2537 coss.
434 2487 473 2537 lm
501 2486 563 2538 libri
594 2486 671 2539 MSS.
718 2487 779 2540 nius
792 2486 845 2538 hoc
861 2485 922 2538 loco
937 2484 1038 2557 prodit.
1056 2484 1160 2539 Confer
1173 2503 1236 2539 cnm

156 2566 355 2639 probatissimi,
370 2576 396 2615 et
412 2564 542 2617 editiones
554 2566 673 2617 vetustis-
718 2568 829 2638 Dionys.
845 2564 933 2618 llalic.
945 2564 1033 2628 lib.V,
1048 2582 1107 2637 cap.
1122 2564 1188 2630 304.
1203 2569 1236 2619 In

93 2644 96 2649 ¹
156 2649 238 2699 sima.
251 2644 434 2709 Quamobrem
445 2644 512 2696 nihil
522 2658 670 2708 mutamus3
718 2647 853 2699 Fastism.
868 2662 1010 2697 sosimus.
1023 2662 1180 2698 rrsvrsnvs.
1189 2660 1238 2700 rx.

47 2758 52 2771 .
157 2725 259 2780 temetsi
277 2724 439 2794 Sempronio
454 2724 560 2796 Sopbus
572 2744 672 2796 cogno·
719 2743 953 2779 suomi-murs.
964 2743 1046 2777 rovrs.
1061 2742 1235 2780 csrrrousrr.

158 2802 672 2875 menapudLirium,lib.1X,p.169,
719 2824 880 2859 ornicum.
900 2806 942 2857 De
955 2803 1012 2856 ade
1031 2822 1095 2856 sero
1114 2804 1237 2858 Concor·

157 2901 184 2940 et
208 2886 235 2937 in
255 2884 353 2948 Fastis,
372 2903 427 2936 non
451 2884 551 2954 longas
571 2896 626 2943 esst
647 2897 673 2936 et
718 2884 768 2938 diss
790 2885 890 2957 puriter
906 2884 1014 2948 Livius,
1040 2885 1100 2936 loco
1125 2885 1234 2938 citato:

156 2966 323 3038 Sulpicium,
338 2983 417 3034 quem
435 2964 548 3017 Lucium
568 2964 672 3016 Plinius
720 2967 778 3019 ·C.
792 2966 898 3017 Flavius
914 2964 965 3016 Cn.
977 2964 1049 3017 lilius
1061 2964 1179 3018 scriba...
1196 2966 1236 3019 ci·

157 3046 285 3117 appellat.
306 3044 433 3096 Publium
460 3057 555 3096 vocant
581 3044 674 3096 Livius
718 3045 772 3097 vile
783 3048 826 3116 jus
840 3046 985 3117 repositum
1001 3044 1030 3095 in
1050 3046 1236 3116 penetralibus

158 3127 209 3179 loc.
224 3125 268 3178 cit.
283 3136 308 3176 et
324 3123 435 3176 Diodor.
451 3125 504 3176 Sic.
519 3123 670 3177 H.-Brot.
723 3125 885 3196 pontificum
917 3124 1068 3196 evulgavit,
1099 3125 1237 3197 iustosque

156 3222 189 3259 ex
202 3207 267 3276 Reg.
286 3224 300 3256 a
318 3209 345 3257 τὸ
359 3204 444 3272 Longo
460 3204 541 3257 delet.
557 3204 609 3257 Eo.
716 3207 786 3259 circu
802 3206 892 3258 iorum
908 3205 936 3257 in
953 3205 1017 3257 albo
1034 3204 1190 3277 proposuit,
1204 3218 1238 3258 ut

201 3292 246 3349 ¹6·
273 3286 302 3336 ln
328 3283 485 3337 Graecostasi.
505 3282 579 3350 Quid
604 3298 672 3337 esset
717 3285 826 3358 quando
845 3285 902 3356 lege
922 3284 963 3354 agi
986 3297 1088 3355 posset,
1108 3284 1234 3338 sciretur.

157 3364 337 3428 Grrecostusis,
347 3362 464 3418 diximus
473 3365 586 3418 liuvll.
598 3365 671 3417 Loco
717 3365 811 3419 AEdem
826 3364 985 3418 Concordia
999 3365 1026 3417 iu
1043 3383 1104 3418 areu
1120 3366 1235 3419 Vulcani

157 3459 248 3518 postes
264 3456 393 3497 mutatam
413 3462 468 3497 esse
485 3445 669 3498 Grecostasim
715 3465 818 3499 summa
830 3444 931 3497 invidia
942 3445 1075 3497 nobilium
1087 3442 1235 3510 dedicarit,

157 3526 259 3579 Plinius
279 3524 426 3597 significat,
455 3542 537 3596 quum
566 3523 670 3596 adjicit,
715 3539 788 3579 eto·
806 3523 1190 3579 H.-CCCXLVIII.Brot.
1201 3543 1235 3578 ex

157 3629 168 3648 ι
180 3622 240 3677 que
255 3619 319 3657 tuuc
331 3617 387 3657 erat
398 3622 478 3674 super
489 3605 641 3659 comitium.
654 3631 665 3651 ·
719 3604 796 3659 MSS.
810 3617 836 3658 et
850 3605 949 3668 Pastis,
964 3603 1141 3658 CCCXLIX.
1157 3606 1212 3659 Eo.

202 3689 245 3738 15.
264 3686 386 3736 Trecentis
406 3696 510 3755 quatuor
529 3690 598 3737 annis
613 3696 669 3754 post
759 3704 803 3756 17.
816 3684 951 3737 Promiscui
960 3695 1039 3736 autem
1052 3704 1108 3736 usus
1120 3685 1234 3737 altarum·

159 3762 338 3833 Capitolinam,
368 3765 513 3816 dedicatam.
535 3765 568 3815 In
594 3765 669 3817 libris
713 3765 903 3835 subintellige,
920 3765 1070 3836 vestigium.
1084 3763 1177 3818 llam.
1192 3798 1232 3807 -—

156 3844 289 3896 recentius
318 3844 410 3909 editis,
436 3857 528 3896 censum
556 3856 668 3914 quatuor.
713 3844 882 3898 -Tn'mods'o
899 3845 960 3907 illa,
974 3858 1024 3897 etc.
1037 3845 1112 3896 Duos
1126 3857 1232 3897 tautam

157 3925 187 3975 lu
201 3923 277 3975 MSS.
290 3926 355 3995 fleg.
369 3947 396 3989 u,
407 3938 434 3977 ct
447 3923 537 3978 Chilll.
551 3925 616 3977 etin
629 3943 670 3976 re·
714 3923 818 3977 modios
829 3936 920 3977 narrat
930 3924 1035 3989 Florus,
1044 3924 1091 3977 lib.
1100 3925 1136 3988 ll,
1145 3943 1170 3977 c.
1186 3928 1233 3987 rs»,

157 4004 233 4056 tussis
247 4000 409 4057 editionibus
422 4004 495 4057 CCC
503 4015 614 4075 quatuor.
626 4005 669 4057 Sic
716 4023 777 4075 pag.
793 4009 828 4059 62
847 4027 853 4055 z
872 4026 883 4047 ·
897 4003 985 4057 lllodii
1007 4004 1063 4056 ‹luo
1087 4004 1233 4059 anulorum
