2686 4816
327 341 489 410 LIBER
514 341 706 410 XXXIII.
1010 347 1056 421 33

106 472 161 540 eri.
182 473 235 539 Ita
252 470 406 541 hercules
423 498 431 539 :
447 472 535 541 idem
554 476 642 543 enim
659 487 714 561 tu,
731 459 865 560 Brute³,
879 475 1056 550 mulierum

106 564 138 646 s⁴
155 602 274 646 aurum
291 579 414 672 gestari
429 567 590 650 tacuisti⁵.
613 583 657 649 Et
672 605 732 648 nos
747 578 879 648 sceleris
887 587 1056 676 arguimus

106 684 160 778 qui
180 669 328 778 primus⁶
355 710 437 754 auro
460 686 655 780 dignitatem
683 711 743 780 per
768 684 884 756 anulos
904 687 1000 776 lecit,
1019 707 1058 762 ut

106 804 126 859 tt
147 792 180 857 in
204 789 337 860 lacertis
355 792 423 885 jam
442 793 570 886 pridem
589 807 623 860 et
638 794 718 878 viri,
738 793 827 885 quod
849 817 867 860 e
888 794 1057 867 Dardanis

113 897 226 990 itaque
250 911 284 964 et
305 897 502 968 Dardanum
530 897 898 969 vocabatu1·⁷.viriotae
922 900 1057 973 Celticae

106 1027 157 1071 tr:
172 988 283 1070 viriae⁸
295 1002 514 1074 Celtiberiam.
529 1004 685 1073 Habeant
700 1003 853 1074 leminae⁹
873 1006 908 1074 in
922 1007 1056 1079 armillis
1075 1047 1089 1082 a

106 1197 139 1247 lie
153 1196 229 1247 Vest.
248 1207 323 1264 parte
337 1197 374 1260 Il,
389 1197 435 1248 lib.
451 1199 496 1261 11,
541 1195 660 1260 Habent,
675 1207 725 1248 etc.
736 1223 749 1241 ι
761 1195 954 1252 Ornamentum
966 1198 995 1252 id
1009 1202 1056 1254 Isi-

106 1296 124 1344 ,³-
144 1292 208 1328 tro.
223 1273 312 1327 Iliun.
541 1273 623 1327 dorus
647 1275 712 1328 viris
737 1288 764 1329 et
785 1277 892 1330 seminis
912 1297 1055 1334 commune

118 1355 225 1406 hercules
237 1355 297 1404 idem
311 1367 349 1417 tu,
364 1355 449 1406 Brute.
463 1357 495 1408 Iu
540 1355 639 1406 dextras
667 1370 761 1422 vocat,
797 1357 877 1427 uulgo
909 1358 1051 1424 brusselets,·

106 1435 163 1487 ·iu
174 1433 319 1486 Ilerurles:
335 1432 406 1486 idem
423 1435 493 1488 enim
539 1434 631 1505 aitque
648 1448 711 1488 unte
731 1434 862 1487 manicam
888 1439 1009 1509 portari,
1026 1453 1054 1494 et

106 1514 248 1568 e‚·Pmr.
538 1513 578 1566 ibi
591 1513 667 1567 clavo
685 1514 771 1586 jungi.
792 1513 866 1567 Idem
885 1518 1000 1570 armillas
1013 1520 1053 1572 vi·
1113 1530 1116 1534 ’

106 1595 200 1646 alierum
222 1592 333 1664 pedibus.
353 1593 493 1647 Perisceliu
539 1594 631 1646 ctoriae
647 1607 674 1647 et
689 1594 773 1646 virilis
789 1594 956 1648 fortitudinis
975 1617 1052 1652 causa

114 1685 142 1726 et
155 1691 235 1725 aurea
247 1691 355 1726 crurum
371 1673 493 1738 vincula,
539 1670 614 1725 datus
625 1674 724 1725 virilius
737 1671 873 1745 quondam
885 1688 991 1730 vocatas
1000 1678 1050 1745 ait,

106 1772 128 1804 rs
138 1753 236 1806 iterum
251 1752 427 1822 inferiuscap.
440 1752 492 1818 54,
539 1765 568 1804 ut
584 1753 629 1805 bie
642 1753 694 1824 legi
709 1754 806 1824 possit,
822 1781 832 1802 ι
846 1754 929 1807 viria
943 1757 1052 1812 Celtico

106 1829 187 1904 pedes
212 1832 275 1883 suite
300 1832 490 1901 appellantur:
539 1830 683 1898 dicuntur,
712 1833 805 1885 virilia
829 1833 1007 1890 Celtiberiae.
1034 1864 1047 1887 ι

111 1951 120 1976 ,
144 1911 191 1963 ubi
214 1909 357 1980 compedes
380 1929 434 1963 esse
452 1931 493 1964 sa·
538 1912 641 1964 Dieuc.
657 1912 863 1965 —Dardauum
876 1915 1051 1970 brachiorum

110 2010 127 2042 ο
159 1990 223 2062 pedi
254 1988 415 2055 induuntur,
439 2011 491 2061 qua
538 1992 963 2048 ornamentumaureum.llsnn.

106 2068 315 2123 nectitur.Vide
339 2069 490 2124 Ferrarium
579 2073 606 2125 8.
632 2071 762 2124 Viriola...
792 2075 873 2124 uirioe.
901 2074 945 2127 Sic
971 2075 1048 2131 MSS.

106 2151 154 2204 ctis
168 2149 202 2202 de
216 2152 255 2203 tte
266 2151 341 2202 Vest.
353 2169 411 2220 cap.
426 2170 491 2216 xxi,
537 2152 603 2220 Ileg.
618 2172 643 2214 a,
659 2149 747 2202 Cbiill.
762 2151 901 2221 caeterique
916 2171 922 2205 :
935 2173 1005 2215 nou,
1019 2169 1050 2209 ut

119 2231 211 2283 Iliun.
537 2228 603 2282 editi
617 2230 744 2282 hactenus
759 2230 836 2293 libri,
848 2231 951 2285 «Vir-ise
966 2234 1048 2287 Celti-

106 2309 169 2361 lt'bus
182 2329 266 2360 aurum
276 2314 369 2377 gestari
384 2314 488 2363 tacuisti.
536 2329 573 2362 cae
585 2309 723 2375 dicuntur,
737 2309 828 2361 viriles
840 2310 1019 2364 Celtiberum.
1032 2340 1043 2361 ι

106 2392 175 2443 bana
188 2389 357 2442 cachamenta
371 2389 489 2442 claribus
536 2389 602 2440 Sunt
619 2400 707 2440 autem
727 2388 800 2440 virleu
816 2401 842 2440 et
856 2389 958 2443 viriolae
979 2417 991 2438 ι
1006 2410 1047 2445 ar·

106 2469 290 2541 uffigerentur,
323 2469 488 2533 Brissouius,
536 2467 615 2519 mille
632 2466 751 2518 virorum
772 2467 904 2539 propriu,
923 2495 934 2516 ι
957 2471 1047 2542 inquit

106 2570 152 2622 eap.
165 2551 191 2603 5.
205 2554 279 2600 Auro
290 2547 436 2601 abundanti
449 2547 488 2600 uti
535 2544 745 2616 IsidorusOrig.
759 2546 807 2600 lib.
824 2547 906 2613 xlx,
920 2568 979 2620 cap.
995 2551 1047 2617 30,

106 2649 112 2683 t
132 2629 238 2683 feminis
252 2628 402 2698 permisisse
423 2628 489 2679 scri·
536 2624 1045 2683 ·cullataemilitibusvietoriaeeuussub

106 2730 118 2761 ³.
130 2709 164 2761 de
180 2708 264 2760 instit.
280 2708 370 2778 Antiq.
385 2707 430 2759 lib.
448 2707 489 2771 ΙΙ,
535 2724 671 2759 armorum
685 2704 808 2757 virtutem
821 2724 827 2758 :
841 2705 948 2761 undeet
959 2727 1046 2780 quon·

112 2789 203 2841 Livius
232 2788 297 2840 Belli
323 2784 487 2839 Macedonia.
534 2784 596 2838 dam
606 2784 762 2838 dicebantur
776 2784 888 2837 virilia:
908 2812 919 2833 ι
934 2787 993 2858 lege
1007 2793 1046 2841 ai·

106 2870 203 2922 Danec.
535 2867 612 2916 rialoe.
630 2864 750 2918 Glossa:
776 2865 885 2930 viriolae,
908 2869 1044 2939 πιριχίρια.

106 2951 143 3015 ius
162 2948 256 2999 sceleris
277 2967 319 2998 uos
337 2948 488 3015 coarguimus
534 2947 608 2997 Inter
621 2944 923 2997 oruamentumuliebria
938 2947 1044 3002 vitiatas

106 3048 165 3080 neum
183 3030 238 3098 qui,
256 3039 306 3078 etc.
322 3026 429 3090 Scribe,
443 3048 453 3067 ι
463 3037 489 3077 et
535 3038 642 3077 censent
652 3023 798 3095 Ulpianus,
808 3025 855 3078 lib.
865 3024 955 3089 XXV,
967 3021 982 3086 S
999 3046 1043 3091 10,

106 3108 154 3161 eris
178 3107 313 3177 arguimus
339 3107 413 3157 illum
443 3105 488 3175 qui
535 3105 564 3156 tf.
579 3101 613 3155 de
628 3121 694 3155 auro
704 3115 730 3155 et
741 3117 849 3175 argento
861 3104 1042 3173 legato:Sctu·

106 3206 175 3252 turo,
189 3200 239 3240 ete.
252 3213 262 3231 ·
280 3206 312 3238 ex
324 3186 435 3255 antiquo
448 3204 489 3237 co·
535 3183 595 3235 volu
610 3183 689 3247 item,
703 3182 809 3253 aliique.
824 3183 998 3249 Ambrosius,
1014 3186 1042 3238 in

106 3274 136 3319 td.
535 3261 648 3314 lib.Ide
663 3262 810 3327 Abraham,
822 3278 955 3333 exponens
964 3277 1044 3335 eaput

108 3366 152 3419 pue
167 3346 321 3397 Dardanium
343 3343 484 3394 vocabatur.
531 3343 627 3396 Genes.
648 3341 700 3406 34,
720 3342 766 3394 ubi
784 3343 872 3394 caeteri
886 3343 1043 3412 interpretes

106 3447 130 3478 'm
140 3466 147 3491 ‚
158 3427 213 3488 vel,
223 3425 303 3477 utalii
314 3425 411 3493 legunt,
420 3424 488 3473 Dar·
516 3432 519 3437 “
532 3422 647 3474 armillas
660 3433 785 3486 vertunt,
804 3422 883 3475 virias
899 3419 1019 3474 reddidit
1035 3441 1042 3475 :

107 3525 200 3559 ureum
220 3505 391 3557 brachiorum
410 3521 487 3556 orna·
536 3501 613 3554 ·Has
628 3498 820 3572 virias‚'inquit
833 3540 841 3566 ,
855 3520 913 3572 quae
934 3519 1044 3554 manum

106 3625 113 3649 ‚
137 3589 200 3638 viria
220 3596 406 3637 ornamentum
428 3582 489 3634 colli
533 3600 587 3633 non
602 3580 732 3634 materiali
743 3600 808 3632 auro
820 3593 957 3637 ornarent,
971 3594 1040 3634 ete..

106 3665 225 3718 viriculis
243 3665 362 3716 caelatum
379 3680 409 3714 ae
421 3661 488 3714 scul-
534 3659 605 3714 Vide
626 3661 703 3713 etiam
720 3661 770 3713 alis
789 3660 860 3732 apud
872 3660 998 3713 Vossium
1015 3660 1044 3714 in

106 3745 195 3798 emmia
215 3762 263 3816 per
278 3743 415 3796 intervalla
434 3740 486 3793 dis-
532 3741 650 3811 Etymul.
666 3742 756 3795 Hanu.

106 3827 185 3896 bego,
205 3852 215 3871 ι
231 3824 321 3894 itaque
344 3835 369 3874 et
390 3820 488 3873 Darda·
573 3839 600 3887 9.
613 3820 729 3872 Habeant
737 3821 845 3888 semina.
866 3820 902 3873 Et
924 3819 976 3874 viri
997 3821 1046 3875 btt-

106 3919 182 3967 ntur,
199 3905 267 3956 sicut
281 3917 307 3956 et
322 3902 395 3954 viria
408 3901 489 3954 Celti·
531 3901 630 3965 buere,
656 3899 702 3954 sed
727 3899 871 3953 effeminati
901 3901 1045 3955 moribus:

106 3997 153 4038 itur
166 3995 194 4037 et
203 3982 304 4036 viriolae
313 3982 488 4037 Celtibericae.
534 3980 631 4046 Caius,
644 3980 690 4051 qui
708 4005 719 4027 ι
735 3978 901 4035 manuleatus
918 3993 945 4034 et
958 3981 1047 4035 armil-

904 4075 925 4147 3
