2686 4816
114 363 157 407 ao
384 338 421 402 C.
448 336 615 403 Ptitttlt
642 336 751 402 Nat.
780 334 904 401 HlST.

113 472 351 564 Britanniaque
370 469 403 535 in
418 467 526 535 medio
542 467 698 536 dicuntur
717 491 792 534 usae.
816 467 878 533 Hic
896 489 985 534 nunc
1008 464 1097 533 solus
1120 494 1177 535 cx-

112 578 260 670 cipitur:
282 576 390 644 oaeteri
416 598 530 641 ornnes
554 586 746 655 onerantur,
773 587 871 664 atque
897 573 993 639 etiarn
1022 575 1178 665 privatim

112 681 238 751 articuli
248 681 429 750 minoribus
438 679 517 748 ains
525 682 609 749 Sunt
619 704 674 773 qut
685 694 751 747 trcs
760 702 817 745 uni
827 702 964 746 minimo
972 693 1177 807 congerant

112 787 165 856 aiii
187 813 267 857 vero
283 803 317 855 et
335 787 412 855 huic
431 811 533 854 unum
553 800 706 865 tantum,
726 809 796 912 quo
809 768 1005 877 signantem3
1009 781 1181 876 ²signent

113 878 377 977 Conditusillc³³,
389 905 426 959 ut
439 918 491 960 res
510 916 603 977 rara,
618 904 651 959 et
666 875 902 985 injur1a⁴usus
920 889 1074 982 indigna,
1088 889 1182 956 ielut

113 1025 130 1067 e
150 1001 292 1068 sacrario
311 999 494 1091 promitur:
517 1012 550 1065 et
564 1022 666 1065 unuin
685 999 718 1064 in
737 997 873 1063 minimo
890 995 993 1088 digito
1007 995 1182 1122 habuisse,

79 1127 95 1173 9
115 1120 356 1197 pretiosiorrsrn
366 1103 536 1171 recondito
544 1101 755 1231 supellectilis
765 1116 941 1169 ostentatio
950 1116 1009 1169 est
1017 1085 1104 1169 Jam3
1108 1087 1181 1167 ⁵aiii

115 1208 262 1303 pondera
282 1233 397 1278 eorum
416 1222 594 1277 ostentant
620 1193 731 1275 Atiis³’
750 1207 861 1300 plures
878 1231 977 1300 quarn
1001 1231 1104 1273 unum
1123 1232 1181 1299 ge·

115 1330 200 1383 stare
218 1312 313 1383 labor
332 1328 391 1382 est
418 1314 481 1383 Atii
504 1298 686 1382 bracteas³⁷
706 1313 859 1381 infarcire
880 1311 1002 1380 leviore
1026 1315 1183 1395 materia,

115 1434 251 1563 propter
269 1445 402 1501 casum,
429 1423 530 1487 tutius
557 1443 775 1554 gemmarum
790 1403 1031 1485 sollicitudini38
1052 1434 1183 1510 putant.

117 1525 211 1594 Aiii⁹
233 1525 293 1593 sub
314 1526 452 1619 gemmis
475 1549 601 1592 venena
620 1510 800 1606 cludunt⁰‚
826 1525 911 1590 sicut
937 1525 1183 1592 Demosthenes

115 1693 167 1746 est,
187 1682 280 1735 anulus
300 1683 461 1753 gestabatur,
476 1683 624 1752 praesertim
668 1681 805 1733 iuvenalis
818 1681 949 1751 Satyri
965 1681 1102 1733 Ventilet
1112 1695 1183 1733 aestt

116 1764 267 1832 pronubus,
285 1761 358 1832 quod
372 1763 399 1814 in
418 1780 626 1815 corenamcsse
670 1780 730 1812 vum
767 1759 858 1838 digitis
889 1760 1046 1812 sudantibus
1069 1779 1185 1826 aurum,

117 1840 236 1893 crederet
258 1840 332 1893 rudis
353 1841 495 1911 antiquitas
519 1841 552 1894 ad
578 1860 627 1892 cor
669 1839 725 1891 Nec
746 1840 859 1891 sufferre
883 1852 963 1910 queat
984 1840 1092 1908 majoris
1113 1859 1185 1910 pon·

119 1938 200 1992 usque
219 1921 423 1992 pertingentem.
445 1920 572 1973 Alexand.
594 1922 627 1972 ab
669 1917 731 1971 ders
745 1937 865 1988 gemmae.
885 1945 895 1965 ι
915 1920 983 1971 Dra.
997 1948 1036 1958 -
1048 1920 1116 1970 Attis
1128 1923 1185 1988 piu-

121 2003 196 2052 Aiex.
208 2000 256 2059 lib.
270 2001 311 2064 11,
327 2018 384 2070 cap.
401 2019 451 2067 19,
471 2014 497 2053 et
516 2002 562 2052 lib.
575 2001 627 2062 lv,
671 2005 715 2050 ies.
731 1999 944 2051 Delicatioribus.
960 1999 1050 2052 Hiran.

119 2097 177 2149 cap.
191 2080 238 2132 uit.
252 2097 307 2150 quo
326 2079 386 2131 ioco
401 2078 473 2150 apud
493 2080 627 2130 Pollucem
712 2079 757 2147 37.
768 2079 886 2129 Brnctcas
897 2079 1020 2145 infarcire.
1030 2078 1186 2130 Orbisanu·

119 2159 182 2230 legit
191 2175 241 2228 pro
259 2159 370 2227 (inspira,
391 2154 487 2226 ἀχίτης
501 2177 507 2210 :
526 2178 575 2228 pro
589 2179 630 2210 ss·
671 2158 758 2211 iorum
772 2159 842 2209 intus
853 2159 910 2209 cavi
922 2170 948 2209 et
960 2157 1101 2228 exsculpti.
1113 2159 1186 2212 uie.

119 2239 363 2310 pinpsmspianas.
378 2239 444 2290 Dar.
459 2266 496 2281 -·-
508 2237 629 2289 Gallae...
672 2239 768 2288 -Aiis'
775 2237 891 2289 bracteas.
905 2238 1013 2290 Bractea
1028 2238 1190 2290 tenuissima·

121 2321 145 2368 in
160 2317 252 2380 medio,
266 2330 316 2370 etc.
332 2317 405 2369 Brot.
420 2335 454 2369 es
469 2315 532 2370 edit.
544 2318 629 2388 princ.
672 2317 729 2368 auri
741 2318 837 2369 lamina
849 2330 900 2381 eu,
914 2316 994 2369 ducta
1005 2318 1032 2367 in
1043 2317 1187 2379 circulum,

122 2409 147 2449 et
167 2396 208 2450 Ci.
232 2395 352 2449 Durand.
372 2395 518 2448 «Gauio...
542 2395 631 2449 medio
672 2415 723 2466 qua
737 2415 839 2466 gemnis
852 2397 922 2448 anuli
935 2398 1095 2449 continetur.
1110 2395 1188 2449 Hanc

121 2476 174 2528 dic.
190 2494 253 2528 uem.
268 2502 279 2522 »
305 2477 359 2527 En.
672 2476 772 2528 circum
787 2476 911 2528 infarcire
923 2476 981 2528 lana
997 2477 1111 2528 similive
1129 2495 1187 2528 roa·

164 2556 210 2606 32.
225 2555 281 2622 Quo
291 2559 433 2622 signantem.
446 2555 509 2618 Quo
518 2555 632 2626 digitum
674 2556 738 2607 teria
750 2554 867 2607 studium
884 2555 934 2606 tuit
947 2557 995 2618 iis,
1009 2556 1054 2625 qui
1069 2557 1188 2608 sollicite

122 2635 226 2703 signent
238 2633 285 2703 qni
297 2634 436 2702 obsignare
445 2637 595 2689 consuevit:
606 2648 633 2686 et
673 2636 814 2696 curabant,
831 2653 865 2686 nc
878 2632 996 2703 pondere
1010 2637 1118 2687 tortasse
1129 2655 1190 2705 gra·

122 2711 436 2782 acaterisdistinguaut,
451 2714 497 2783 qui
512 2715 634 2783 pluribus
675 2715 747 2766 viore
764 2712 948 2765 decidentibus
968 2715 1053 2766 anulis
1074 2733 1189 2783 gemines

123 2803 276 2844 onerantur.
289 2790 379 2844 Hsno.
674 2811 735 2845 casu
750 2795 942 2863 frangerentur.
956 2793 1046 2846 Hsao,

164 2871 211 2923 33.
226 2870 344 2923 Conditus
359 2873 407 2931 ilie.
419 2873 451 2922 In
468 2890 535 2924 arca.
549 2871 582 2925 H.
716 2872 762 2923 38.
782 2873 867 2923 Tatius
872 2892 1017 2940 gemmarum
1028 2875 1191 2925 sollicitudini

165 2948 212 3012 34‘.
227 2950 263 3001 Et
275 2953 373 3019 injuria.
385 2950 419 3001 Et
434 2952 506 3020 quasi
518 2952 552 3003 sit
566 2952 634 3022 inju-
671 2964 767 3019 piarunt.
783 2953 822 3003 Nc
834 2951 1018 3004 decidentibus
1030 2971 1086 3022 prae
1100 2955 1189 3005 nimio

124 3030 175 3092 ria,
187 3027 261 3100 quod
274 3047 328 3081 nou
344 3031 448 3080 ornatui
466 3042 577 3096 tantum,
587 3031 633 3085 sed
675 3030 937 3099 ponderesnutisvel
948 3033 1190 3099 commigremus,

124 3121 150 3160 et
172 3108 234 3161 usui
253 3106 401 3161 destinatus
423 3108 471 3172 sit,
488 3111 566 3161 vilior
581 3115 633 3179 jam
675 3129 777 3180 gemma
792 3111 931 3163 amittatur.
947 3112 1014 3162 un.

124 3199 180 3239 tum
195 3188 317 3240 babetur.
331 3186 422 3258 Hanp.
716 3189 760 3255 39.
779 3193 832 3242 Atta·
844 3191 889 3241 sud
906 3195 1012 3258 gemmis.
1033 3191 1071 3242 Ut
1085 3192 1190 3243 Hanni·

164 3265 336 3327 twinam
349 3267 521 3320 Prosusiorcs.
532 3269 633 3334 Utine,
675 3269 734 3330 bat,
756 3269 790 3321 de
811 3287 866 3339 quo
891 3269 971 3338 paulo
989 3282 1050 3321 inte
1070 3271 1192 3324 diximus

122 3343 156 3397 de
167 3364 220 3418 quo
230 3346 465 3410 maniaticum.
481 3347 572 3419 Epigr.
587 3366 633 3409 xi,
675 3365 733 3418 sup.
747 3366 804 3416 cap.
818 3350 907 3399 Hano.

121 3426 198 3496 cujus
221 3424 335 3479 disticho
356 3428 439 3497 priori
463 3425 541 3479 allato
560 3428 633 3480 hunc
717 3433 760 3487 do.
787 3427 896 3478 Cindnnt
918 3432 980 3478 sient
1003 3428 1190 3482 Demosthenes.

119 3503 306 3572 plenissimum
335 3503 494 3558 adulationis
527 3524 632 3559 versum
675 3507 749 3559 Sicut
761 3518 787 3556 et
798 3507 931 3569 Annibal,
945 3520 971 3559 et
984 3505 1099 3561 aedituus
1110 3511 1193 3580 Capi·

121 3580 217 3639 deinde
237 3585 391 3654 subjungit:
410 3611 420 3631 ι
436 3584 533 3637 Multas
545 3587 574 3639 in
588 3585 634 3638 -di-
676 3586 733 3636 tolii
744 3603 822 3654 supra
838 3586 889 3638 hoc
904 3585 962 3654 ipso
976 3588 1070 3656 capite.
1083 3591 1192 3643 Disco.

119 3661 195 3730 gitis,
216 3664 307 3734 piures
332 3664 360 3717 in
382 3664 499 3717 carmine
517 3683 632 3734 gemmas
675 3696 714 3707 -
727 3665 849 3729 cludunt,
863 3669 926 3717 sicar
940 3666 1118 3719 Demosthenes.
1130 3670 1193 3720 Hoc

120 3739 260 3805 Invenies,
272 3756 323 3796 etc.
342 3767 354 3790 ι
372 3744 463 3797 Hsao.
675 3757 729 3806 est,
745 3743 897 3796 includunt.
913 3745 1000 3796 Refert
1011 3747 1062 3799 boc
1076 3765 1191 3817 quoque

160 3820 207 3873 36.
222 3822 289 3874 Aliis
304 3823 387 3893 plures
408 3841 481 3895 quam
500 3840 572 3874 unuin
590 3841 633 3889 pe·
678 3822 834 3875 Plutarchus
844 3825 870 3876 in
884 3824 1071 3889 Demosthene,
1082 3846 1108 3898 p.
1121 3830 1192 3886 860.

117 3909 183 3950 sture
193 3899 265 3953 Iader
271 3914 315 3953 est.
325 3903 377 3955 stit
389 3915 477 3955 aestate
485 3902 630 3972 graviores,
677 3920 709 3952 cx
724 3902 907 3954 Eratosthene.
927 3904 1068 3958 Pausanias
1081 3907 1109 3958 in
1124 3908 1194 3959 Atti·

117 3975 160 4029 rei
171 3979 250 4033 eiam
263 3981 340 4034 motis
352 3981 492 4053 amplioris
502 3997 629 4053 gemmas.
675 3981 725 4046 cis,
738 3981 785 4034 lib.
799 3982 830 4048 1,
842 4000 869 4052 p.
888 3989 933 4048 ¹4·
948 3983 1039 4037 Ham.
