2686 4816
256 376 301 425 as
535 353 575 421 C.
596 350 764 422 PLINIl
789 351 893 421 NAT.
918 349 1046 419 ntst.

255 486 379 553 victum
398 483 431 549 in
447 483 637 574 promiscuo
656 483 844 552 habebant:
858 505 919 549 nec
940 476 1007 547 ulla
1024 477 1115 547 domi
1136 492 1226 548 custo

255 587 441 658 domesticis
457 612 542 682 opus
556 602 635 656 erat.
650 589 750 658 Nunc
765 587 932 682 rapiendae
944 597 1183 678 comparantur
1197 610 1227 678 ep

254 696 444 791 pariterque
454 696 511 788 qui
524 696 653 788 rapiant
666 719 741 780 eas,
756 711 790 765 et
807 693 916 763 claves
924 715 1056 787 quoquo
1068 693 1154 784 ipsas
1173 692 1224 785 sig

254 827 321 871 non
341 813 391 870 est
406 802 483 869 satis
499 826 506 871 ε
524 803 667 895 gravatis
683 787 833 871 somno⁴⁵
853 815 911 869 aut
929 796 1144 868 morientibus
1164 821 1226 866 anu

253 906 446 977 trahuntur:
459 907 896 1000 rnajorquevitaeratiocirca
905 906 970 974 boc
984 908 1226 973 instrumentun

253 1015 371 1106 coepit,
392 1013 553 1082 incertum
569 1037 588 1080 a
606 1039 673 1107 quo
690 1029 850 1108 ternpore.
866 1012 1029 1081 Videntur
1044 1025 1153 1079 tamen
1173 1035 1226 1104 pos

252 1120 396 1189 externis
415 1121 644 1188 auctoritatem
659 1121 729 1213 ejus
745 1123 791 1190 rei
806 1118 1002 1213 intelligere,
1015 1118 1102 1186 circa
1114 1115 1226 1210 Polycr

252 1226 340 1301 Sami
352 1210 573 1318 tyrannum⁴⁶,
588 1228 641 1295 cui
657 1225 797 1296 dilectus
810 1224 864 1294 ille
884 1223 1003 1292 anulus
1018 1225 1053 1291 in
1069 1246 1159 1290 mare
1170 1223 1223 1314 abj

253 1346 352 1425 capto
366 1329 487 1399 relatus
499 1346 550 1409 est
565 1333 664 1424 pisce,
674 1335 746 1425 ipso
758 1335 1014 1401 circiterccxxx
1023 1353 1145 1396 annum
1157 1328 1226 1396 Urb

204 1470 233 1506 ιι
254 1436 519 1507 straeinterlecto.
529 1436 735 1506 Celebratior
743 1438 875 1531 quidem
887 1461 965 1505 usus
974 1434 1226 1504 cumfenorects

252 1542 374 1613 debet:
395 1558 592 1636 argumento
610 1558 659 1612 est
680 1542 887 1614 consuetudo
906 1541 995 1635 vulgi
1006 1529 1043 1626 ⁴⁷,
1062 1540 1103 1609 ad
1127 1566 1226 1636 spons

294 1689 341 1756 45.
360 1690 476 1745 Gmretis
488 1710 570 1743 somno
583 1704 627 1743 ortt
641 1695 762 1744 morienti·
806 1690 987 1763 profundum,
1006 1709 1039 1742 ne
1055 1690 1142 1741 omnis
1158 1690 1226 1741 inrot

253 1772 296 1823 dua
309 1772 379 1823 aaut
389 1770 555 1824 detrahuntur.
582 1771 762 1841 Lethargicis,
806 1790 900 1843 expers
917 1783 995 1833 esset,
1009 1770 1103 1841 abjecit
1116 1790 1122 1820 :
1137 1786 1215 1839 quent

253 1862 298 1903 aut
329 1848 524 1903 deficientibus.
547 1850 707 1922 Exemplum
735 1851 763 1903 in
806 1852 935 1904 continuo
956 1849 1133 1919 recuperavit,
1151 1860 1226 1916 cepto

253 1929 363 1982 Tiberio
374 1928 605 2000 apudTranquill.
622 1949 645 1983 c.
660 1949 763 1994 usur,
806 1931 854 2002 qui
880 1948 941 1981 eum
968 1927 1150 1981 devoraverat.
1173 1927 1225 1980 Sed

253 2008 300 2062 ubi
313 2007 348 2063 de
361 2026 456 2080 genere
474 2011 530 2078 ejus
543 2009 632 2061 obitus
649 2029 656 2061 ε
673 2010 763 2063 «Sunt
807 2010 939 2063 felicitatis
956 2026 1059 2079 semper
1078 2008 1161 2078 plenis
1180 2008 1226 2059 veli

251 2089 299 2159 qui
320 2099 429 2160 putent,
457 2088 560 2158 inquit,
577 2090 715 2158 pulvinum
738 2090 764 2141 ei
807 2109 865 2141 sum
886 2103 976 2142 tenere
996 2107 1049 2139 non
1073 2088 1168 2157 potuit.
1189 2088 1226 2139 Co

251 2170 393 2238 injectum,
405 2186 488 2238 quum
502 2180 649 2220 extractum
660 2168 709 2219 sibi
719 2167 764 2220 de
807 2169 919 2220 ltensum
933 2168 1003 2219 enim
1016 2168 1130 2219 Orontes
1143 2158 1224 2233 (scrib

168 2273 170 2277 ·
251 2246 352 2301 finienti
364 2248 472 2300 anulum
483 2264 546 2300 mox
558 2248 715 2318 resipiscens
726 2267 765 2300 re·
809 2262 858 2312 tes,
878 2239 979 2317 ὀριίτης
1002 2246 1138 2299 Herodoto
1162 2247 1225 2316 sepi

251 2328 379 2399 quisisset.
394 2353 404 2374 ι
419 2327 533 2380 Mortuis
547 2338 633 2379 tamen
644 2325 764 2380 redditos
807 2328 916 2390 Thalia,
932 2327 978 2378 lib.
994 2328 1049 2388 111,
1064 2345 1121 2397 pag.
1141 2345 1194 2378 aro
1208 2347 1226 2377 e

252 2408 406 2479 Propertius
421 2406 536 2470 indicat,
548 2407 680 2477 EleglV,
696 2425 724 2476 7,
737 2425 763 2475 9,
808 2408 917 2478 irrepsit
931 2407 975 2459 tric
988 2425 1064 2458 error
1079 2419 1105 2459 et
1123 2405 1149 2457 in
1163 2406 1224 2456 Tull

252 2487 320 2540 Sunt
339 2486 439 2558 aliquid
454 2503 461 2537 ε
476 2513 487 2534 ι
497 2486 532 2538 Et
551 2487 658 2538 solitum
679 2485 765 2555 digito
808 2500 907 2541 testum
917 2484 941 2550 l,
957 2487 1029 2538 Darii
1041 2488 1111 2558 regis
1122 2485 1226 2555 praefert

252 2565 375 2636 beryllon
389 2564 515 2616 adederat
531 2565 608 2634 ignis.
624 2590 635 2611 ι
651 2565 742 2617 liano.
807 2567 984 2620 excelsissimo
995 2565 1151 2637 Mycalensis
1159 2581 1226 2616 naon*

294 2647 339 2707 46.
350 2643 421 2696 Circa
434 2644 586 2710 Polycratem
600 2643 668 2695 Sami
682 2656 765 2714 tyron·
808 2647 860 2698 tire
871 2646 944 2698 cruri
959 2645 1053 2699 allinit.
1066 2646 1087 2697 E
1098 2664 1153 2715 quo
1163 2658 1225 2714 putr

252 2742 317 2777 uum.
332 2722 457 2775 Valerius
473 2723 579 2783 tinvt.
600 2742 659 2794 cap.
673 2724 721 2776 ult.
738 2737 764 2777 et
808 2720 895 2788 artusj
916 2737 941 2776 et
963 2724 1053 2777 tabido
1075 2743 1172 2776 cruore
1187 2742 1226 2775 ma

252 2801 361 2873 posthac
371 2803 418 2855 lib.
431 2802 574 2867 xxxvtt,
588 2821 647 2873 cap.
665 2821 697 2868 r;
712 2805 764 2856 lle·
807 2805 944 2867 membra,
965 2816 1043 2874 atque
1060 2804 1131 2855 illam
1152 2805 1226 2855 laevir

253 2880 364 2934 rodotus
373 2881 443 2934 libro
457 2882 498 2933 lll
507 2894 514 2940 ;
524 2881 620 2934 Cicero
630 2881 679 2944 ‚de
691 2884 764 2935 Fini·
808 2885 950 2953 Neptunus
964 2885 1071 2935 anulum
1088 2883 1225 2952 piscatoris

252 2962 316 3024 bus,
327 2962 362 3013 V.
377 2962 403 3014 Is
414 2961 448 3013 ab
459 2961 562 3013 Oronte
576 2962 713 3014 Persarum
727 2981 765 3015 sa·
807 2965 973 3025 restituerat,
992 2962 1043 3015 ritu
1062 2961 1206 3014 marcidam

252 3054 327 3113 trrpe
346 3041 373 3093 in
394 3059 499 3093 crucem
518 3052 593 3094 actus
613 3054 639 3093 et
657 3041 764 3095 interle-
806 3062 893 3096 amara
906 3042 1032 3095 servitute
1046 3041 1198 3113 aliquandiu
1217 3061 1226 3112 1

251 3134 309 3179 ctus
323 3118 444 3172 est.Vide
457 3119 612 3174 Strabonem
626 3120 672 3173 lib.
685 3122 762 3175 xlv.
807 3123 934 3174 liberisue
946 3122 1010 3174 laetis
1021 3123 1106 3173 oculis
1115 3121 1225 3191 aspexit.

253 3201 321 3253 Dat..
342 3231 381 3242 -
403 3199 500 3252 Anulus
525 3205 550 3251 in
571 3220 636 3252 marn
656 3201 763 3270 adjectus
806 3200 1160 3265 etTaetzen‚Cl1iliad.rtr,
1175 3221 1226 3253 ms

251 3291 323 3349 eupto
334 3280 763 3348 relattuestpr'soe.llelerunthanc
806 3281 900 3335 Galen.
918 3282 944 3334 in
957 3283 1096 3345 Suasoris,
1113 3294 1175 3334 tom.
1193 3282 1226 3344 ll¹

251 3359 402 3423 historiam,
416 3359 521 3425 Cicero,
530 3358 564 3411 de
576 3360 663 3412 Finib.
676 3360 760 3422 lib.V‚
806 3379 865 3432 pag.
882 3361 908 3414 5.
924 3360 1011 3412 llam.

250 3458 278 3511 p.
295 3441 349 3503 add
359 3461 366 3503 ς
377 3436 506 3492 llerodot.
521 3439 630 3503 Thalia,
644 3439 691 3492 lib.
711 3442 761 3506 ΙΙΙ,
846 3447 891 3512 47.
904 3441 1143 3509 Constretudouulgi.
1153 3440 1226 3504 Quat

250 3537 324 3572 num.
338 3525 383 3583 do,
394 3536 422 3590 p.
439 3519 501 3587 178.
517 3519 668 3589 Elegantius
681 3538 760 3590 quam
805 3539 855 3590 pro
875 3522 951 3573 srrlsa
973 3521 1086 3573 dabatur
1106 3521 1201 3572 anulus
1220 3521 1226 3570 ἰ

251 3599 358 3662 ceteri,
370 3597 464 3650 vater.
477 3597 547 3650 Man.
557 3599 656 3662 tih.v·1‚
668 3616 759 3671 capp,
805 3600 912 3669 ptione‚
923 3619 1062 3671 quousque
1076 3601 1193 3671 pretium
1205 3617 1226 3651 st

250 3694 278 3747 p.
293 3676 368 3747 3²9:
384 3677 495 3730 ·Semel
509 3677 643 3748 Polycrati
656 3677 762 3732 dunsts-
805 3693 863 3741 tur,
887 3699 969 3750 quum
995 3700 1049 3733 non
1074 3692 1140 3732 esset
1166 3679 1226 3730 arrh

250 3768 302 3815 xet¹
314 3757 418 3809 tultum
438 3757 543 3809 fortuna
557 3758 686 3823 mutavit,
699 3778 760 3830 per·
804 3761 955 3830 promptior
976 3760 1008 3812 sd
1028 3778 1145 3813 manum.
1161 3760 1226 3823 Quen

248 3835 424 3905 quambrevi
446 3837 555 3890 tristities
575 3837 676 3890 salebra
699 3857 759 3892 suo·
806 3839 877 3891 mani
896 3858 1016 3905 mutem,
1036 3840 1142 3910 opinor,
1159 3839 1225 3890 huus

247 3930 381 3968 cussum:
408 3928 472 3970 tuuc
498 3935 581 3987 quum
613 3915 758 3971 admodum
806 3918 939 3978 Hebraeis,
958 3923 1032 3991 cujus
1048 3918 1121 3973 haud
1141 3920 1226 3971 obscu:

248 4005 351 4062 gratum
359 3994 410 4049 tibi
419 3996 529 4050 anulum
540 3996 575 4051 de
586 3996 718 4052 industria
727 3997 757 4050 in
804 3999 881 4069 stigia
898 3999 926 4052 in
943 4000 1122 4052 monumentis
1142 3999 1208 4052 sacri
